dtime,instrument,trade_price,trade_size,aggressor,rectime,exch_trade_id,nanos
2024-03-12 12:27:02.371971+00:00,SFRU24,95.245,14,unknown,2024-03-12 12:27:02.379950+00:00,9162392,371971139
2024-03-12 12:27:11.548793+00:00,SFRU24,95.245,1,buy,2024-03-12 12:27:11.555611+00:00,9162504,548793337
2024-03-12 12:27:11.549478+00:00,SFRU24,95.245,1,buy,2024-03-12 12:27:11.560552+00:00,9162505,549478461
2024-03-12 12:27:12.415691+00:00,SFRU24,95.245,1,buy,2024-03-12 12:27:12.429717+00:00,9162525,415691005
2024-03-12 12:27:13.268712+00:00,SFRU24,95.245,1,buy,2024-03-12 12:27:13.284967+00:00,9162536,268712497
2024-03-12 12:27:13.287189+00:00,SFRU24,95.245,1,buy,2024-03-12 12:27:13.295035+00:00,9162539,287189871
2024-03-12 12:27:13.857084+00:00,SFRU24,95.245,1,buy,2024-03-12 12:27:13.865488+00:00,9162554,857084575
2024-03-12 12:27:13.875140+00:00,SFRU24,95.245,2,buy,2024-03-12 12:27:13.880391+00:00,9162561,875140933
2024-03-12 12:27:13.912589+00:00,SFRU24,95.245,2,buy,2024-03-12 12:27:13.920217+00:00,9162567,912589795
2024-03-12 12:27:13.948383+00:00,SFRU24,95.245,1,unknown,2024-03-12 12:27:13.955030+00:00,9162582,948383839
2024-03-12 12:27:13.949185+00:00,SFRU24,95.245,2,buy,2024-03-12 12:27:13.955030+00:00,9162591,949185081
2024-03-12 12:27:13.975036+00:00,SFRU24,95.245,1,buy,2024-03-12 12:27:13.985013+00:00,9162622,975036557
2024-03-12 12:27:13.997649+00:00,SFRU24,95.245,1,buy,2024-03-12 12:27:14.004876+00:00,9162627,997649917
2024-03-12 12:27:13.998810+00:00,SFRU24,95.245,1,buy,2024-03-12 12:27:14.004876+00:00,9162632,998810643
2024-03-12 12:27:14.572114+00:00,SFRU24,95.245,1,buy,2024-03-12 12:27:14.580304+00:00,9162647,572114219
2024-03-12 12:27:14.617649+00:00,SFRU24,95.245,1,buy,2024-03-12 12:27:14.625082+00:00,9162658,617649763
2024-03-12 12:27:14.619285+00:00,SFRU24,95.245,1,buy,2024-03-12 12:27:14.625082+00:00,9162672,619285801
2024-03-12 12:27:15.871300+00:00,SFRU24,95.245,50,buy,2024-03-12 12:27:15.879651+00:00,9162683,871300839
2024-03-12 12:27:22.133256+00:00,SFRU24,95.245,6,buy,2024-03-12 12:27:22.140101+00:00,9162700,133256637
2024-03-12 12:27:24.580008+00:00,SFRU24,95.245,2,buy,2024-03-12 12:27:24.590330+00:00,9162720,580008431
2024-03-12 12:27:27.463059+00:00,SFRU24,95.245,2,unknown,2024-03-12 12:27:27.469663+00:00,9162727,463059455
2024-03-12 12:27:35.740152+00:00,SFRU24,95.245,5,unknown,2024-03-12 12:27:35.750309+00:00,9162749,740152265
2024-03-12 12:27:35.740434+00:00,SFRU24,95.245,2,unknown,2024-03-12 12:27:35.750309+00:00,9162756,740434857
2024-03-12 12:27:35.741244+00:00,SFRU24,95.245,10,unknown,2024-03-12 12:27:35.750309+00:00,9162761,741244199
2024-03-12 12:27:35.742733+00:00,SFRU24,95.245,21,buy,2024-03-12 12:27:35.755278+00:00,9162773,742733019
2024-03-12 12:27:35.761331+00:00,SFRU24,95.245,1,buy,2024-03-12 12:27:35.770238+00:00,9162782,761331253
2024-03-12 12:27:36.762991+00:00,SFRU24,95.245,1,buy,2024-03-12 12:27:36.770791+00:00,9162812,762991885
2024-03-12 12:27:38.295225+00:00,SFRU24,95.245,15,buy,2024-03-12 12:27:38.305048+00:00,9162834,295225129
2024-03-12 12:27:45.802134+00:00,SFRU24,95.245,7,unknown,2024-03-12 12:27:45.810108+00:00,9162867,802134447
2024-03-12 12:27:49.959637+00:00,SFRU24,95.245,5,unknown,2024-03-12 12:27:49.969906+00:00,9162877,959637791
2024-03-12 12:27:50.054783+00:00,SFRU24,95.240,40,sell,2024-03-12 12:27:50.060460+00:00,9162879,54783537
2024-03-12 12:27:50.521174+00:00,SFRU24,95.245,60,buy,2024-03-12 12:27:50.530387+00:00,9162887,521174391
2024-03-12 12:27:55.001575+00:00,SFRU24,95.245,167,buy,2024-03-12 12:27:55.010701+00:00,9162923,1575323
2024-03-12 12:27:55.003055+00:00,SFRU24,95.245,14,buy,2024-03-12 12:27:55.015669+00:00,9162931,3055025
2024-03-12 12:27:55.003891+00:00,SFRU24,95.245,1,buy,2024-03-12 12:27:55.015669+00:00,9162935,3891975
2024-03-12 12:27:55.043616+00:00,SFRU24,95.245,1,buy,2024-03-12 12:27:55.050530+00:00,9162943,43616305
2024-03-12 12:27:56.154243+00:00,SFRU24,95.245,15,sell,2024-03-12 12:27:56.160630+00:00,9162957,154243281
2024-03-12 12:27:56.154606+00:00,SFRU24,95.245,4,sell,2024-03-12 12:27:56.169924+00:00,9162958,154606839
2024-03-12 12:27:56.162918+00:00,SFRU24,95.245,2,buy,2024-03-12 12:27:56.169924+00:00,9162959,162918609
2024-03-12 12:28:00.368843+00:00,SFRU24,95.245,1,sell,2024-03-12 12:28:00.375085+00:00,9163004,368843861
2024-03-12 12:28:01.309417+00:00,SFRU24,95.245,1,sell,2024-03-12 12:28:01.314999+00:00,9163016,309417333
2024-03-12 12:28:03.080452+00:00,SFRU24,95.245,1,buy,2024-03-12 12:28:03.090204+00:00,9163034,80452033
2024-03-12 12:28:04.007273+00:00,SFRU24,95.245,3,unknown,2024-03-12 12:28:04.015143+00:00,9163038,7273599
2024-03-12 12:28:04.598036+00:00,SFRU24,95.245,1,buy,2024-03-12 12:28:04.605522+00:00,9163043,598036159
2024-03-12 12:28:07.643752+00:00,SFRU24,95.245,1,buy,2024-03-12 12:28:07.660212+00:00,9163056,643752675
2024-03-12 12:28:08.543102+00:00,SFRU24,95.245,3,unknown,2024-03-12 12:28:08.555025+00:00,9163079,543102299
2024-03-12 12:28:08.545728+00:00,SFRU24,95.245,7,buy,2024-03-12 12:28:08.555025+00:00,9163086,545728423
2024-03-12 12:28:08.605447+00:00,SFRU24,95.245,4,buy,2024-03-12 12:28:08.614862+00:00,9163091,605447929
2024-03-12 12:28:08.605450+00:00,SFRU24,95.245,7,buy,2024-03-12 12:28:08.614862+00:00,9163092,605450607
2024-03-12 12:28:08.605504+00:00,SFRU24,95.245,1,buy,2024-03-12 12:28:08.614862+00:00,9163093,605504827
2024-03-12 12:28:08.605506+00:00,SFRU24,95.245,1,buy,2024-03-12 12:28:08.614862+00:00,9163094,605506151
2024-03-12 12:28:12.002117+00:00,SFRU24,95.240,2,sell,2024-03-12 12:28:12.010045+00:00,9163153,2117585
2024-03-12 12:28:15.462801+00:00,SFRU24,95.245,1,buy,2024-03-12 12:28:15.475757+00:00,9163219,462801729
2024-03-12 12:28:16.390252+00:00,SFRU24,95.245,1,buy,2024-03-12 12:28:16.400730+00:00,9163241,390252663
2024-03-12 12:28:21.423623+00:00,SFRU24,95.245,1,buy,2024-03-12 12:28:21.435600+00:00,9163270,423623215
2024-03-12 12:28:29.667198+00:00,SFRU24,95.245,22,buy,2024-03-12 12:28:29.680500+00:00,9163398,667198907
2024-03-12 12:28:37.928365+00:00,SFRU24,95.245,200,buy,2024-03-12 12:28:37.935148+00:00,9163455,928365155
2024-03-12 12:28:39.831545+00:00,SFRU24,95.245,51,buy,2024-03-12 12:28:39.845716+00:00,9163493,831545839
2024-03-12 12:28:39.842078+00:00,SFRU24,95.245,33,buy,2024-03-12 12:28:39.854533+00:00,9163557,842078839
2024-03-12 12:28:39.860482+00:00,SFRU24,95.245,1,buy,2024-03-12 12:28:39.870628+00:00,9163575,860482875
2024-03-12 12:28:43.685849+00:00,SFRU24,95.245,1,buy,2024-03-12 12:28:43.694899+00:00,9163606,685849381
2024-03-12 12:28:47.373329+00:00,SFRU24,95.245,1,buy,2024-03-12 12:28:47.379669+00:00,9163684,373329947
2024-03-12 12:29:03.161159+00:00,SFRU24,95.245,10,unknown,2024-03-12 12:29:03.170255+00:00,9163865,161159983
2024-03-12 12:29:07.781871+00:00,SFRU24,95.245,1,buy,2024-03-12 12:29:07.794991+00:00,9163903,781871543
2024-03-12 12:29:11.660465+00:00,SFRU24,95.245,18,unknown,2024-03-12 12:29:11.669972+00:00,9163969,660465269
2024-03-12 12:29:12.002028+00:00,SFRU24,95.240,1,sell,2024-03-12 12:29:12.010484+00:00,9163984,2028123
2024-03-12 12:29:12.179060+00:00,SFRU24,95.245,5,buy,2024-03-12 12:29:12.185708+00:00,9163985,179060059
2024-03-12 12:29:12.179080+00:00,SFRU24,95.245,8,buy,2024-03-12 12:29:12.190666+00:00,9163986,179080737
2024-03-12 12:29:14.931122+00:00,SFRU24,95.245,3,unknown,2024-03-12 12:29:14.939715+00:00,9164008,931122851
2024-03-12 12:29:21.000025+00:00,SFRU24,95.245,2,unknown,2024-03-12 12:29:21.010000+00:00,9164078,25797
2024-03-12 12:29:25.813095+00:00,SFRU24,95.245,5,buy,2024-03-12 12:29:25.819804+00:00,9164144,813095347
2024-03-12 12:29:30.464943+00:00,SFRU24,95.245,10,unknown,2024-03-12 12:29:30.475377+00:00,9164174,464943985
2024-03-12 12:29:32.173756+00:00,SFRU24,95.245,28,buy,2024-03-12 12:29:32.189921+00:00,9164186,173756737
2024-03-12 12:29:32.181990+00:00,SFRU24,95.245,17,buy,2024-03-12 12:29:32.189921+00:00,9164190,181990909
2024-03-12 12:29:34.858307+00:00,SFRU24,95.245,25,sell,2024-03-12 12:29:34.865125+00:00,9164204,858307533
2024-03-12 12:29:35.023253+00:00,SFRU24,95.245,13,sell,2024-03-12 12:29:35.040323+00:00,9164219,23253049
2024-03-12 12:29:35.024105+00:00,SFRU24,95.245,11,sell,2024-03-12 12:29:35.040323+00:00,9164220,24105895
2024-03-12 12:29:36.161449+00:00,SFRU24,95.245,1,sell,2024-03-12 12:29:36.170295+00:00,9164227,161449501
2024-03-12 12:29:39.117655+00:00,SFRU24,95.245,3,buy,2024-03-12 12:29:39.125347+00:00,9164280,117655921
2024-03-12 12:29:46.481435+00:00,SFRU24,95.245,2,buy,2024-03-12 12:29:46.489994+00:00,9164304,481435377
2024-03-12 12:29:48.163713+00:00,SFRU24,95.245,18,sell,2024-03-12 12:29:48.169826+00:00,9164308,163713875
2024-03-12 12:29:56.124441+00:00,SFRU24,95.240,7,sell,2024-03-12 12:29:56.140586+00:00,9164343,124441051
2024-03-12 12:29:56.125452+00:00,SFRU24,95.240,5,sell,2024-03-12 12:29:56.140586+00:00,9164355,125452849
2024-03-12 12:29:56.133147+00:00,SFRU24,95.240,1,sell,2024-03-12 12:29:56.140586+00:00,9164357,133147135
2024-03-12 12:29:56.133147+00:00,SFRU24,95.235,8,sell,2024-03-12 12:29:56.140586+00:00,9164360,133147135
2024-03-12 12:30:00.023448+00:00,SFRU24,95.240,6,buy,2024-03-12 12:30:00.035459+00:00,9164392,23448059
2024-03-12 12:30:00.026586+00:00,SFRU24,95.240,1,buy,2024-03-12 12:30:00.035459+00:00,9164396,26586147
2024-03-12 12:30:01.056173+00:00,SFRU24,95.230,2,unknown,2024-03-12 12:30:01.080291+00:00,9164418,56173927
2024-03-12 12:30:01.056173+00:00,SFRU24,95.220,2,unknown,2024-03-12 12:30:01.080291+00:00,9164438,56173927
2024-03-12 12:30:01.056173+00:00,SFRU24,95.205,2,unknown,2024-03-12 12:30:01.080291+00:00,9164459,56173927
2024-03-12 12:30:01.056173+00:00,SFRU24,95.200,6,unknown,2024-03-12 12:30:01.080291+00:00,9164470,56173927
2024-03-12 12:30:01.056173+00:00,SFRU24,95.225,1,sell,2024-03-12 12:30:01.086554+00:00,9164492,56173927
2024-03-12 12:30:01.056173+00:00,SFRU24,95.220,1,sell,2024-03-12 12:30:01.086823+00:00,9164495,56173927
2024-03-12 12:30:01.056173+00:00,SFRU24,95.215,1,sell,2024-03-12 12:30:01.086823+00:00,9164497,56173927
2024-03-12 12:30:01.056173+00:00,SFRU24,95.200,5,unknown,2024-03-12 12:30:01.086823+00:00,9164510,56173927
2024-03-12 12:30:01.056173+00:00,SFRU24,95.205,35,sell,2024-03-12 12:30:01.086823+00:00,9164545,56173927
2024-03-12 12:30:01.056173+00:00,SFRU24,95.200,92,unknown,2024-03-12 12:30:01.086823+00:00,9164555,56173927
2024-03-12 12:30:01.056173+00:00,SFRU24,95.200,12,unknown,2024-03-12 12:30:01.086823+00:00,9164582,56173927
2024-03-12 12:30:01.056173+00:00,SFRU24,95.200,19,unknown,2024-03-12 12:30:01.090829+00:00,9164602,56173927
2024-03-12 12:30:01.056173+00:00,SFRU24,95.200,66,unknown,2024-03-12 12:30:01.090829+00:00,9164608,56173927
2024-03-12 12:30:01.056173+00:00,SFRU24,95.200,46,sell,2024-03-12 12:30:01.090829+00:00,9164613,56173927
2024-03-12 12:30:01.056173+00:00,SFRU24,95.195,83,sell,2024-03-12 12:30:01.090829+00:00,9164616,56173927
2024-03-12 12:30:01.056173+00:00,SFRU24,95.190,57,sell,2024-03-12 12:30:01.090829+00:00,9164618,56173927
2024-03-12 12:30:01.056173+00:00,SFRU24,95.185,3,unknown,2024-03-12 12:30:01.090829+00:00,9164629,56173927
2024-03-12 12:30:01.056173+00:00,SFRU24,95.180,5,unknown,2024-03-12 12:30:01.090829+00:00,9164632,56173927
2024-03-12 12:30:01.056173+00:00,SFRU24,95.180,1,sell,2024-03-12 12:30:01.090829+00:00,9164633,56173927
2024-03-12 12:30:01.084846+00:00,SFRU24,95.185,2,unknown,2024-03-12 12:30:01.120697+00:00,9164929,84846015
2024-03-12 12:30:01.088887+00:00,SFRU24,95.185,8,buy,2024-03-12 12:30:01.125694+00:00,9164971,88887001
2024-03-12 12:30:01.088887+00:00,SFRU24,95.190,1,buy,2024-03-12 12:30:01.125694+00:00,9164974,88887001
2024-03-12 12:30:01.088887+00:00,SFRU24,95.190,9,buy,2024-03-12 12:30:01.125694+00:00,9164976,88887887
2024-03-12 12:30:01.090344+00:00,SFRU24,95.180,3,sell,2024-03-12 12:30:01.130665+00:00,9165024,90344931
2024-03-12 12:30:01.091064+00:00,SFRU24,95.180,1,unknown,2024-03-12 12:30:01.130665+00:00,9165033,91064151
2024-03-12 12:30:01.091511+00:00,SFRU24,95.180,15,unknown,2024-03-12 12:30:01.130665+00:00,9165044,91511033
2024-03-12 12:30:01.091527+00:00,SFRU24,95.180,4,unknown,2024-03-12 12:30:01.130665+00:00,9165051,91527235
2024-03-12 12:30:01.097332+00:00,SFRU24,95.180,2,unknown,2024-03-12 12:30:01.133852+00:00,9165104,97332199
2024-03-12 12:30:01.097332+00:00,SFRU24,95.180,159,unknown,2024-03-12 12:30:01.133852+00:00,9165107,97332199
2024-03-12 12:30:01.097348+00:00,SFRU24,95.180,8,sell,2024-03-12 12:30:01.133852+00:00,9165126,97348719
2024-03-12 12:30:01.103734+00:00,SFRU24,95.190,10,buy,2024-03-12 12:30:01.137444+00:00,9165169,103734831
2024-03-12 12:30:01.106788+00:00,SFRU24,95.190,3,buy,2024-03-12 12:30:01.137444+00:00,9165227,106788319
2024-03-12 12:30:01.106788+00:00,SFRU24,95.185,2,buy,2024-03-12 12:30:01.137444+00:00,9165228,106788319
2024-03-12 12:30:01.107503+00:00,SFRU24,95.185,5,buy,2024-03-12 12:30:01.137634+00:00,9165236,107503303
2024-03-12 12:30:01.107520+00:00,SFRU24,95.185,5,buy,2024-03-12 12:30:01.137634+00:00,9165239,107520179
2024-03-12 12:30:01.107612+00:00,SFRU24,95.185,2,buy,2024-03-12 12:30:01.140513+00:00,9165242,107612413
2024-03-12 12:30:01.107623+00:00,SFRU24,95.185,1,buy,2024-03-12 12:30:01.140513+00:00,9165245,107623279
2024-03-12 12:30:01.107682+00:00,SFRU24,95.185,7,buy,2024-03-12 12:30:01.140513+00:00,9165248,107682567
2024-03-12 12:30:01.108353+00:00,SFRU24,95.185,5,buy,2024-03-12 12:30:01.140513+00:00,9165251,108353463
2024-03-12 12:30:01.108358+00:00,SFRU24,95.185,12,buy,2024-03-12 12:30:01.140513+00:00,9165254,108358743
2024-03-12 12:30:01.108511+00:00,SFRU24,95.185,1,buy,2024-03-12 12:30:01.140513+00:00,9165258,108511029
2024-03-12 12:30:01.108682+00:00,SFRU24,95.185,5,buy,2024-03-12 12:30:01.140513+00:00,9165273,108682287
2024-03-12 12:30:01.109159+00:00,SFRU24,95.185,5,sell,2024-03-12 12:30:01.140513+00:00,9165278,109159617
2024-03-12 12:30:01.109281+00:00,SFRU24,95.190,5,buy,2024-03-12 12:30:01.140587+00:00,9165287,109281283
2024-03-12 12:30:01.109398+00:00,SFRU24,95.190,2,buy,2024-03-12 12:30:01.142786+00:00,9165293,109398799
2024-03-12 12:30:01.109416+00:00,SFRU24,95.190,3,buy,2024-03-12 12:30:01.142786+00:00,9165296,109416501
2024-03-12 12:30:01.109591+00:00,SFRU24,95.195,5,buy,2024-03-12 12:30:01.142786+00:00,9165300,109591599
2024-03-12 12:30:01.110096+00:00,SFRU24,95.195,1,buy,2024-03-12 12:30:01.142786+00:00,9165307,110096975
2024-03-12 12:30:01.110128+00:00,SFRU24,95.195,1,buy,2024-03-12 12:30:01.142786+00:00,9165310,110128005
2024-03-12 12:30:01.110167+00:00,SFRU24,95.195,1,buy,2024-03-12 12:30:01.142786+00:00,9165313,110167327
2024-03-12 12:30:01.110227+00:00,SFRU24,95.195,10,buy,2024-03-12 12:30:01.142786+00:00,9165316,110227747
2024-03-12 12:30:01.110317+00:00,SFRU24,95.195,11,buy,2024-03-12 12:30:01.142786+00:00,9165322,110317925
2024-03-12 12:30:01.111858+00:00,SFRU24,95.195,10,buy,2024-03-12 12:30:01.143591+00:00,9165335,111858255
2024-03-12 12:30:01.111913+00:00,SFRU24,95.195,5,buy,2024-03-12 12:30:01.150538+00:00,9165341,111913071
2024-03-12 12:30:01.114777+00:00,SFRU24,95.185,8,sell,2024-03-12 12:30:01.150538+00:00,9165387,114777609
2024-03-12 12:30:01.114777+00:00,SFRU24,95.180,6,sell,2024-03-12 12:30:01.150538+00:00,9165392,114777609
2024-03-12 12:30:01.129147+00:00,SFRU24,95.190,13,buy,2024-03-12 12:30:01.159523+00:00,9165476,129147509
2024-03-12 12:30:01.129219+00:00,SFRU24,95.190,4,buy,2024-03-12 12:30:01.159523+00:00,9165481,129219757
2024-03-12 12:30:01.129219+00:00,SFRU24,95.195,3,buy,2024-03-12 12:30:01.165098+00:00,9165485,129219757
2024-03-12 12:30:01.134613+00:00,SFRU24,95.190,5,sell,2024-03-12 12:30:01.165098+00:00,9165519,134613287
2024-03-12 12:30:01.134770+00:00,SFRU24,95.190,5,sell,2024-03-12 12:30:01.165287+00:00,9165530,134770453
2024-03-12 12:30:01.155996+00:00,SFRU24,95.200,1,unknown,2024-03-12 12:30:01.185417+00:00,9165621,155996959
2024-03-12 12:30:01.157212+00:00,SFRU24,95.195,10,buy,2024-03-12 12:30:01.190092+00:00,9165627,157212671
2024-03-12 12:30:01.160579+00:00,SFRU24,95.195,2,buy,2024-03-12 12:30:01.190092+00:00,9165651,160579481
2024-03-12 12:30:01.160607+00:00,SFRU24,95.195,2,buy,2024-03-12 12:30:01.190092+00:00,9165653,160607147
2024-03-12 12:30:01.160631+00:00,SFRU24,95.190,16,sell,2024-03-12 12:30:01.190092+00:00,9165659,160631741
2024-03-12 12:30:01.160808+00:00,SFRU24,95.190,1,sell,2024-03-12 12:30:01.190092+00:00,9165666,160808329
2024-03-12 12:30:01.160808+00:00,SFRU24,95.185,25,sell,2024-03-12 12:30:01.190092+00:00,9165667,160808329
2024-03-12 12:30:01.160808+00:00,SFRU24,95.180,29,sell,2024-03-12 12:30:01.195442+00:00,9165672,160808329
2024-03-12 12:30:01.160808+00:00,SFRU24,95.175,1225,sell,2024-03-12 12:30:01.195442+00:00,9165674,160808329
2024-03-12 12:30:01.160808+00:00,SFRU24,95.170,313,sell,2024-03-12 12:30:01.195442+00:00,9165681,160808329
2024-03-12 12:30:01.160808+00:00,SFRU24,95.170,16,sell,2024-03-12 12:30:01.195442+00:00,9165684,160808329
2024-03-12 12:30:01.160808+00:00,SFRU24,95.165,17,sell,2024-03-12 12:30:01.195442+00:00,9165685,160808329
2024-03-12 12:30:01.172756+00:00,SFRU24,95.195,2,unknown,2024-03-12 12:30:01.205298+00:00,9165804,172756087
2024-03-12 12:30:01.176647+00:00,SFRU24,95.195,2,unknown,2024-03-12 12:30:01.209309+00:00,9165832,176647187
2024-03-12 12:30:01.176653+00:00,SFRU24,95.195,3,unknown,2024-03-12 12:30:01.209664+00:00,9165835,176653943
2024-03-12 12:30:01.177186+00:00,SFRU24,95.195,1,unknown,2024-03-12 12:30:01.209664+00:00,9165840,177186703
2024-03-12 12:30:01.177883+00:00,SFRU24,95.195,2,buy,2024-03-12 12:30:01.209664+00:00,9165850,177883267
2024-03-12 12:30:01.192424+00:00,SFRU24,95.195,2,unknown,2024-03-12 12:30:01.220375+00:00,9165928,192424697
2024-03-12 12:30:01.200053+00:00,SFRU24,95.190,3,unknown,2024-03-12 12:30:01.225691+00:00,9165954,200053667
2024-03-12 12:30:01.200386+00:00,SFRU24,95.190,2,unknown,2024-03-12 12:30:01.225691+00:00,9165960,200386561
2024-03-12 12:30:01.202601+00:00,SFRU24,95.195,1,buy,2024-03-12 12:30:01.225691+00:00,9165979,202601245
2024-03-12 12:30:01.203822+00:00,SFRU24,95.170,7,sell,2024-03-12 12:30:01.230309+00:00,9165983,203822467
2024-03-12 12:30:01.206147+00:00,SFRU24,95.195,2,buy,2024-03-12 12:30:01.230309+00:00,9165994,206147565
2024-03-12 12:30:01.212339+00:00,SFRU24,95.195,1,buy,2024-03-12 12:30:01.235715+00:00,9166034,212339381
2024-03-12 12:30:01.220444+00:00,SFRU24,95.195,1,unknown,2024-03-12 12:30:01.240603+00:00,9166075,220444203
2024-03-12 12:30:01.226000+00:00,SFRU24,95.195,1,sell,2024-03-12 12:30:01.245499+00:00,9166109,226000027
2024-03-12 12:30:01.228682+00:00,SFRU24,95.195,1,buy,2024-03-12 12:30:01.245499+00:00,9166118,228682095
2024-03-12 12:30:01.233151+00:00,SFRU24,95.190,1,unknown,2024-03-12 12:30:01.250002+00:00,9166143,233151513
2024-03-12 12:30:01.241823+00:00,SFRU24,95.175,1,buy,2024-03-12 12:30:01.255318+00:00,9166172,241823325
2024-03-12 12:30:01.246853+00:00,SFRU24,95.190,4,unknown,2024-03-12 12:30:01.260301+00:00,9166207,246853841
2024-03-12 12:30:01.247337+00:00,SFRU24,95.190,6,unknown,2024-03-12 12:30:01.260301+00:00,9166210,247337563
2024-03-12 12:30:01.259049+00:00,SFRU24,95.180,2,unknown,2024-03-12 12:30:01.265101+00:00,9166266,259049491
2024-03-12 12:30:01.259154+00:00,SFRU24,95.180,3,unknown,2024-03-12 12:30:01.270090+00:00,9166269,259154107
2024-03-12 12:30:01.277819+00:00,SFRU24,95.180,1,sell,2024-03-12 12:30:01.285323+00:00,9166323,277819597
2024-03-12 12:30:01.278491+00:00,SFRU24,95.200,46,unknown,2024-03-12 12:30:01.285323+00:00,9166330,278491817
2024-03-12 12:30:01.321046+00:00,SFRU24,95.180,1,sell,2024-03-12 12:30:01.330767+00:00,9166389,321046763
2024-03-12 12:30:01.358425+00:00,SFRU24,95.180,5,sell,2024-03-12 12:30:01.365675+00:00,9166421,358425779
2024-03-12 12:30:01.503809+00:00,SFRU24,95.175,1,sell,2024-03-12 12:30:01.515361+00:00,9166560,503809621
2024-03-12 12:30:01.503809+00:00,SFRU24,95.170,1,sell,2024-03-12 12:30:01.515361+00:00,9166561,503809621
2024-03-12 12:30:01.538448+00:00,SFRU24,95.170,5,sell,2024-03-12 12:30:01.545848+00:00,9166839,538448853
2024-03-12 12:30:01.538843+00:00,SFRU24,95.175,5,unknown,2024-03-12 12:30:01.545848+00:00,9166847,538843235
2024-03-12 12:30:01.539093+00:00,SFRU24,95.170,5,unknown,2024-03-12 12:30:01.545848+00:00,9166851,539093123
2024-03-12 12:30:01.540079+00:00,SFRU24,95.170,1,sell,2024-03-12 12:30:01.548909+00:00,9166855,540079173
2024-03-12 12:30:01.540155+00:00,SFRU24,95.170,4,unknown,2024-03-12 12:30:01.548909+00:00,9166859,540155413
2024-03-12 12:30:01.540155+00:00,SFRU24,95.175,5,unknown,2024-03-12 12:30:01.548909+00:00,9166862,540155413
2024-03-12 12:30:01.540778+00:00,SFRU24,95.170,5,sell,2024-03-12 12:30:01.548909+00:00,9166863,540778831
2024-03-12 12:30:01.542193+00:00,SFRU24,95.175,3,buy,2024-03-12 12:30:01.548909+00:00,9166878,542193157
2024-03-12 12:30:01.543235+00:00,SFRU24,95.175,4,buy,2024-03-12 12:30:01.554525+00:00,9166885,543235595
2024-03-12 12:30:01.554825+00:00,SFRU24,95.180,1,unknown,2024-03-12 12:30:01.560773+00:00,9166951,554825629
2024-03-12 12:30:01.579022+00:00,SFRU24,95.180,2,buy,2024-03-12 12:30:01.585711+00:00,9167032,579022443
2024-03-12 12:30:01.794451+00:00,SFRU24,95.175,1,buy,2024-03-12 12:30:01.800727+00:00,9167524,794451703
2024-03-12 12:30:01.865655+00:00,SFRU24,95.170,6,buy,2024-03-12 12:30:01.875482+00:00,9167557,865655081
2024-03-12 12:30:01.928152+00:00,SFRU24,95.175,2,unknown,2024-03-12 12:30:01.935173+00:00,9167597,928152705
2024-03-12 12:30:01.929964+00:00,SFRU24,95.175,1,unknown,2024-03-12 12:30:01.935173+00:00,9167605,929964629
2024-03-12 12:30:01.930897+00:00,SFRU24,95.175,1,unknown,2024-03-12 12:30:01.940157+00:00,9167612,930897785
2024-03-12 12:30:01.933186+00:00,SFRU24,95.175,1,unknown,2024-03-12 12:30:01.940157+00:00,9167620,933186367
2024-03-12 12:30:01.934147+00:00,SFRU24,95.175,1,unknown,2024-03-12 12:30:01.940157+00:00,9167627,934147803
2024-03-12 12:30:01.935209+00:00,SFRU24,95.175,1,unknown,2024-03-12 12:30:01.945050+00:00,9167646,935209193
2024-03-12 12:30:01.949162+00:00,SFRU24,95.175,1,unknown,2024-03-12 12:30:01.955049+00:00,9167657,949162089
2024-03-12 12:30:01.950205+00:00,SFRU24,95.175,1,unknown,2024-03-12 12:30:01.960093+00:00,9167664,950205775
2024-03-12 12:30:01.951149+00:00,SFRU24,95.175,1,unknown,2024-03-12 12:30:01.960093+00:00,9167670,951149049
2024-03-12 12:30:01.952010+00:00,SFRU24,95.175,1,unknown,2024-03-12 12:30:01.960093+00:00,9167676,952010289
2024-03-12 12:30:01.954220+00:00,SFRU24,95.175,1,unknown,2024-03-12 12:30:01.960093+00:00,9167683,954220363
2024-03-12 12:30:01.955763+00:00,SFRU24,95.175,1,unknown,2024-03-12 12:30:01.965045+00:00,9167691,955763575
2024-03-12 12:30:01.956827+00:00,SFRU24,95.175,1,unknown,2024-03-12 12:30:01.965045+00:00,9167698,956827365
2024-03-12 12:30:01.978650+00:00,SFRU24,95.175,2,unknown,2024-03-12 12:30:01.984913+00:00,9167708,978650679
2024-03-12 12:30:02.004729+00:00,SFRU24,95.175,2,unknown,2024-03-12 12:30:02.010819+00:00,9167731,4729705
2024-03-12 12:30:02.005858+00:00,SFRU24,95.175,1,unknown,2024-03-12 12:30:02.015137+00:00,9167737,5858117
2024-03-12 12:30:02.027078+00:00,SFRU24,95.175,1,unknown,2024-03-12 12:30:02.034903+00:00,9167752,27078175
2024-03-12 12:30:02.028291+00:00,SFRU24,95.175,3,unknown,2024-03-12 12:30:02.034903+00:00,9167757,28291929
2024-03-12 12:30:02.037816+00:00,SFRU24,95.175,1,unknown,2024-03-12 12:30:02.045664+00:00,9167769,37816953
2024-03-12 12:30:02.095705+00:00,SFRU24,95.175,2,unknown,2024-03-12 12:30:02.105395+00:00,9167807,95705409
2024-03-12 12:30:02.118828+00:00,SFRU24,95.175,1,buy,2024-03-12 12:30:02.125302+00:00,9167822,118828355
2024-03-12 12:30:02.233919+00:00,SFRU24,95.175,2,buy,2024-03-12 12:30:02.245229+00:00,9167914,233919429
2024-03-12 12:30:02.234282+00:00,SFRU24,95.175,1,buy,2024-03-12 12:30:02.245229+00:00,9167919,234282753
2024-03-12 12:30:02.234951+00:00,SFRU24,95.175,24,unknown,2024-03-12 12:30:02.245229+00:00,9167927,234951231
2024-03-12 12:30:02.234989+00:00,SFRU24,95.175,17,unknown,2024-03-12 12:30:02.245781+00:00,9167930,234989975
2024-03-12 12:30:02.237322+00:00,SFRU24,95.180,27,buy,2024-03-12 12:30:02.250032+00:00,9167949,237322541
2024-03-12 12:30:02.239326+00:00,SFRU24,95.180,31,buy,2024-03-12 12:30:02.250032+00:00,9167958,239326015
2024-03-12 12:30:02.239829+00:00,SFRU24,95.185,2,unknown,2024-03-12 12:30:02.250032+00:00,9167965,239829535
2024-03-12 12:30:02.239946+00:00,SFRU24,95.175,13,unknown,2024-03-12 12:30:02.250032+00:00,9167973,239946821
2024-03-12 12:30:02.240229+00:00,SFRU24,95.175,3,unknown,2024-03-12 12:30:02.250222+00:00,9167977,240229011
2024-03-12 12:30:02.245893+00:00,SFRU24,95.180,17,unknown,2024-03-12 12:30:02.255727+00:00,9168002,245893771
2024-03-12 12:30:02.246301+00:00,SFRU24,95.180,2,unknown,2024-03-12 12:30:02.260689+00:00,9168008,246301523
2024-03-12 12:30:02.294090+00:00,SFRU24,95.180,53,sell,2024-03-12 12:30:02.300618+00:00,9168128,294090781
2024-03-12 12:30:02.294592+00:00,SFRU24,95.180,52,sell,2024-03-12 12:30:02.300618+00:00,9168131,294592243
2024-03-12 12:30:02.294592+00:00,SFRU24,95.180,1,sell,2024-03-12 12:30:02.300618+00:00,9168136,294592421
2024-03-12 12:30:02.295396+00:00,SFRU24,95.180,2,unknown,2024-03-12 12:30:02.304517+00:00,9168140,295396403
2024-03-12 12:30:02.296200+00:00,SFRU24,95.180,42,buy,2024-03-12 12:30:02.304517+00:00,9168146,296200407
2024-03-12 12:30:02.436743+00:00,SFRU24,95.180,1,buy,2024-03-12 12:30:02.444955+00:00,9168194,436743731
2024-03-12 12:30:02.477502+00:00,SFRU24,95.180,10,buy,2024-03-12 12:30:02.485763+00:00,9168222,477502457
2024-03-12 12:30:02.478175+00:00,SFRU24,95.180,16,unknown,2024-03-12 12:30:02.485763+00:00,9168225,478175329
2024-03-12 12:30:02.478511+00:00,SFRU24,95.180,3,unknown,2024-03-12 12:30:02.485763+00:00,9168230,478511775
2024-03-12 12:30:02.604946+00:00,SFRU24,95.180,19,buy,2024-03-12 12:30:02.615122+00:00,9168327,604946095
2024-03-12 12:30:02.688219+00:00,SFRU24,95.175,22,unknown,2024-03-12 12:30:02.695787+00:00,9168379,688219925
2024-03-12 12:30:02.690630+00:00,SFRU24,95.180,1,unknown,2024-03-12 12:30:02.700276+00:00,9168390,690630577
2024-03-12 12:30:02.691166+00:00,SFRU24,95.180,2,unknown,2024-03-12 12:30:02.700276+00:00,9168394,691166657
2024-03-12 12:30:02.694420+00:00,SFRU24,95.180,24,buy,2024-03-12 12:30:02.700276+00:00,9168403,694420515
2024-03-12 12:30:02.694740+00:00,SFRU24,95.180,3,buy,2024-03-12 12:30:02.705774+00:00,9168405,694740335
2024-03-12 12:30:02.797745+00:00,SFRU24,95.180,5,buy,2024-03-12 12:30:02.805340+00:00,9168493,797745079
2024-03-12 12:30:02.798016+00:00,SFRU24,95.180,14,buy,2024-03-12 12:30:02.805340+00:00,9168494,798016305
2024-03-12 12:30:03.014597+00:00,SFRU24,95.175,1,sell,2024-03-12 12:30:03.020431+00:00,9168645,14597727
2024-03-12 12:30:03.014820+00:00,SFRU24,95.175,50,sell,2024-03-12 12:30:03.020431+00:00,9168647,14820535
2024-03-12 12:30:03.042896+00:00,SFRU24,95.185,1,buy,2024-03-12 12:30:03.050233+00:00,9168661,42896815
2024-03-12 12:30:03.072114+00:00,SFRU24,95.175,2,buy,2024-03-12 12:30:03.080401+00:00,9168687,72114063
2024-03-12 12:30:03.194053+00:00,SFRU24,95.170,8,buy,2024-03-12 12:30:03.200590+00:00,9168802,194053969
2024-03-12 12:30:03.194134+00:00,SFRU24,95.170,5,unknown,2024-03-12 12:30:03.200590+00:00,9168805,194134797
2024-03-12 12:30:03.194390+00:00,SFRU24,95.170,7,buy,2024-03-12 12:30:03.200590+00:00,9168807,194390915
2024-03-12 12:30:03.194437+00:00,SFRU24,95.170,10,buy,2024-03-12 12:30:03.200590+00:00,9168808,194437549
2024-03-12 12:30:03.283179+00:00,SFRU24,95.175,3,unknown,2024-03-12 12:30:03.290220+00:00,9168847,283179405
2024-03-12 12:30:03.288872+00:00,SFRU24,95.175,1,buy,2024-03-12 12:30:03.295193+00:00,9168868,288872771
2024-03-12 12:30:03.302970+00:00,SFRU24,95.175,17,unknown,2024-03-12 12:30:03.310204+00:00,9168914,302970487
2024-03-12 12:30:03.302986+00:00,SFRU24,95.175,4,buy,2024-03-12 12:30:03.310204+00:00,9168916,302986269
2024-03-12 12:30:03.302994+00:00,SFRU24,95.175,18,buy,2024-03-12 12:30:03.310204+00:00,9168917,302994849
2024-03-12 12:30:03.385826+00:00,SFRU24,95.180,1,buy,2024-03-12 12:30:03.395713+00:00,9168958,385826199
2024-03-12 12:30:03.542868+00:00,SFRU24,95.180,4,buy,2024-03-12 12:30:03.550263+00:00,9169028,542868805
2024-03-12 12:30:03.542880+00:00,SFRU24,95.180,12,buy,2024-03-12 12:30:03.550263+00:00,9169034,542880019
2024-03-12 12:30:03.661433+00:00,SFRU24,95.180,31,buy,2024-03-12 12:30:03.670208+00:00,9169099,661433147
2024-03-12 12:30:03.661503+00:00,SFRU24,95.180,15,buy,2024-03-12 12:30:03.670208+00:00,9169100,661503109
2024-03-12 12:30:03.701197+00:00,SFRU24,95.180,1,buy,2024-03-12 12:30:03.710374+00:00,9169122,701197931
2024-03-12 12:30:03.703171+00:00,SFRU24,95.180,14,buy,2024-03-12 12:30:03.710374+00:00,9169131,703171763
2024-03-12 12:30:03.907222+00:00,SFRU24,95.185,2,buy,2024-03-12 12:30:03.920459+00:00,9169222,907222239
2024-03-12 12:30:03.957648+00:00,SFRU24,95.190,1,buy,2024-03-12 12:30:03.965223+00:00,9169250,957648831
2024-03-12 12:30:03.963596+00:00,SFRU24,95.190,3,buy,2024-03-12 12:30:03.970237+00:00,9169267,963596337
2024-03-12 12:30:03.965931+00:00,SFRU24,95.190,3,buy,2024-03-12 12:30:03.975222+00:00,9169293,965931303
2024-03-12 12:30:03.968068+00:00,SFRU24,95.190,3,buy,2024-03-12 12:30:03.975222+00:00,9169316,968068155
2024-03-12 12:30:03.971050+00:00,SFRU24,95.190,11,unknown,2024-03-12 12:30:03.980301+00:00,9169336,971050941
2024-03-12 12:30:03.972262+00:00,SFRU24,95.190,159,buy,2024-03-12 12:30:03.980301+00:00,9169345,972262447
2024-03-12 12:30:04.003699+00:00,SFRU24,95.190,14,sell,2024-03-12 12:30:04.010141+00:00,9169387,3699583
2024-03-12 12:30:04.003959+00:00,SFRU24,95.190,12,sell,2024-03-12 12:30:04.010141+00:00,9169394,3959579
2024-03-12 12:30:04.004033+00:00,SFRU24,95.190,9,sell,2024-03-12 12:30:04.010223+00:00,9169397,4033917
2024-03-12 12:30:04.004118+00:00,SFRU24,95.190,8,sell,2024-03-12 12:30:04.014000+00:00,9169400,4118105
2024-03-12 12:30:04.004151+00:00,SFRU24,95.190,6,sell,2024-03-12 12:30:04.014000+00:00,9169403,4151303
2024-03-12 12:30:04.004209+00:00,SFRU24,95.190,29,sell,2024-03-12 12:30:04.014000+00:00,9169406,4209917
2024-03-12 12:30:04.004930+00:00,SFRU24,95.190,5,sell,2024-03-12 12:30:04.014000+00:00,9169416,4930443
2024-03-12 12:30:04.005014+00:00,SFRU24,95.190,4,sell,2024-03-12 12:30:04.014000+00:00,9169419,5014671
2024-03-12 12:30:04.013546+00:00,SFRU24,95.185,2,sell,2024-03-12 12:30:04.020001+00:00,9169439,13546251
2024-03-12 12:30:04.054604+00:00,SFRU24,95.195,1,buy,2024-03-12 12:30:04.095673+00:00,9169447,54604121
2024-03-12 12:30:04.084551+00:00,SFRU24,95.195,2,buy,2024-03-12 12:30:04.100649+00:00,9169466,84551955
2024-03-12 12:30:04.483775+00:00,SFRU24,95.185,3,sell,2024-03-12 12:30:04.489903+00:00,9169583,483775439
2024-03-12 12:30:04.769931+00:00,SFRU24,95.195,13,buy,2024-03-12 12:30:04.781604+00:00,9169703,769931691
2024-03-12 12:30:05.340490+00:00,SFRU24,95.185,3,sell,2024-03-12 12:30:05.350166+00:00,9169842,340490505
2024-03-12 12:30:05.406514+00:00,SFRU24,95.185,1,buy,2024-03-12 12:30:05.415147+00:00,9169860,406514155
2024-03-12 12:30:05.566552+00:00,SFRU24,95.190,4,unknown,2024-03-12 12:30:05.575176+00:00,9169886,566552795
2024-03-12 12:30:05.567022+00:00,SFRU24,95.190,4,unknown,2024-03-12 12:30:05.575176+00:00,9169890,567022925
2024-03-12 12:30:05.577435+00:00,SFRU24,95.185,20,sell,2024-03-12 12:30:05.585123+00:00,9169902,577435683
2024-03-12 12:30:05.688268+00:00,SFRU24,95.195,25,unknown,2024-03-12 12:30:05.695621+00:00,9169919,688268109
2024-03-12 12:30:05.688268+00:00,SFRU24,95.200,13,unknown,2024-03-12 12:30:05.700636+00:00,9169933,688268109
2024-03-12 12:30:05.690210+00:00,SFRU24,95.205,40,unknown,2024-03-12 12:30:05.705595+00:00,9169958,690210951
2024-03-12 12:30:05.693726+00:00,SFRU24,95.200,5,sell,2024-03-12 12:30:05.710612+00:00,9169978,693726285
2024-03-12 12:30:05.693726+00:00,SFRU24,95.195,15,sell,2024-03-12 12:30:05.710612+00:00,9169981,693726285
2024-03-12 12:30:05.981710+00:00,SFRU24,95.195,44,sell,2024-03-12 12:30:05.990338+00:00,9170063,981710511
2024-03-12 12:30:06.264857+00:00,SFRU24,95.200,5,buy,2024-03-12 12:30:06.275284+00:00,9170124,264857885
2024-03-12 12:30:06.405731+00:00,SFRU24,95.200,9,sell,2024-03-12 12:30:06.415475+00:00,9170186,405731379
2024-03-12 12:30:06.406194+00:00,SFRU24,95.200,3,sell,2024-03-12 12:30:06.415475+00:00,9170190,406194021
2024-03-12 12:30:06.475261+00:00,SFRU24,95.200,1,sell,2024-03-12 12:30:06.485200+00:00,9170201,475261721
2024-03-12 12:30:06.500262+00:00,SFRU24,95.200,16,sell,2024-03-12 12:30:06.510071+00:00,9170204,500262291
2024-03-12 12:30:06.612054+00:00,SFRU24,95.200,2,sell,2024-03-12 12:30:06.620587+00:00,9170220,612054061
2024-03-12 12:30:06.612978+00:00,SFRU24,95.200,4,sell,2024-03-12 12:30:06.620587+00:00,9170228,612978753
2024-03-12 12:30:06.614870+00:00,SFRU24,95.200,5,sell,2024-03-12 12:30:06.620587+00:00,9170234,614870737
2024-03-12 12:30:06.615243+00:00,SFRU24,95.200,2,buy,2024-03-12 12:30:06.625552+00:00,9170236,615243355
2024-03-12 12:30:06.617674+00:00,SFRU24,95.195,430,sell,2024-03-12 12:30:06.625552+00:00,9170239,617674299
2024-03-12 12:30:06.617674+00:00,SFRU24,95.190,70,sell,2024-03-12 12:30:06.625552+00:00,9170248,617674299
2024-03-12 12:30:06.631205+00:00,SFRU24,95.200,25,buy,2024-03-12 12:30:06.640499+00:00,9170261,631205829
2024-03-12 12:30:06.712057+00:00,SFRU24,95.195,2,unknown,2024-03-12 12:30:06.725047+00:00,9170308,712057013
2024-03-12 12:30:06.712200+00:00,SFRU24,95.195,2,sell,2024-03-12 12:30:06.725047+00:00,9170316,712200027
2024-03-12 12:30:06.865556+00:00,SFRU24,95.190,53,unknown,2024-03-12 12:30:06.875414+00:00,9170393,865556009
2024-03-12 12:30:06.867119+00:00,SFRU24,95.190,3,sell,2024-03-12 12:30:06.875414+00:00,9170414,867119783
2024-03-12 12:30:06.868055+00:00,SFRU24,95.190,7,sell,2024-03-12 12:30:06.880043+00:00,9170419,868055203
2024-03-12 12:30:06.868151+00:00,SFRU24,95.190,6,sell,2024-03-12 12:30:06.880043+00:00,9170421,868151449
2024-03-12 12:30:06.868721+00:00,SFRU24,95.190,66,sell,2024-03-12 12:30:06.880043+00:00,9170422,868721857
2024-03-12 12:30:06.870104+00:00,SFRU24,95.190,6,sell,2024-03-12 12:30:06.880043+00:00,9170424,870104889
2024-03-12 12:30:06.871098+00:00,SFRU24,95.190,3,sell,2024-03-12 12:30:06.880043+00:00,9170425,871098947
2024-03-12 12:30:06.876044+00:00,SFRU24,95.185,1,buy,2024-03-12 12:30:06.885420+00:00,9170435,876044295
2024-03-12 12:30:06.876250+00:00,SFRU24,95.185,9,buy,2024-03-12 12:30:06.885420+00:00,9170437,876250589
2024-03-12 12:30:06.881853+00:00,SFRU24,95.185,3,unknown,2024-03-12 12:30:06.890118+00:00,9170446,881853221
2024-03-12 12:30:06.882218+00:00,SFRU24,95.185,6,unknown,2024-03-12 12:30:06.890118+00:00,9170450,882218773
2024-03-12 12:30:06.882631+00:00,SFRU24,95.185,10,buy,2024-03-12 12:30:06.890118+00:00,9170455,882631729
2024-03-12 12:30:06.882888+00:00,SFRU24,95.185,14,buy,2024-03-12 12:30:06.890118+00:00,9170458,882888633
2024-03-12 12:30:06.896876+00:00,SFRU24,95.185,2,buy,2024-03-12 12:30:06.905288+00:00,9170474,896876047
2024-03-12 12:30:06.902173+00:00,SFRU24,95.190,6,unknown,2024-03-12 12:30:06.910316+00:00,9170480,902173469
2024-03-12 12:30:07.238077+00:00,SFRU24,95.195,9,unknown,2024-03-12 12:30:07.255772+00:00,9170559,238077835
2024-03-12 12:30:07.239257+00:00,SFRU24,95.195,2,unknown,2024-03-12 12:30:07.255772+00:00,9170576,239257547
2024-03-12 12:30:07.353464+00:00,SFRU24,95.195,50,buy,2024-03-12 12:30:07.360330+00:00,9170689,353464499
2024-03-12 12:30:07.438694+00:00,SFRU24,95.195,80,buy,2024-03-12 12:30:07.444922+00:00,9170715,438694925
2024-03-12 12:30:07.446995+00:00,SFRU24,95.195,1,sell,2024-03-12 12:30:07.465050+00:00,9170769,446995501
2024-03-12 12:30:07.454617+00:00,SFRU24,95.195,10,unknown,2024-03-12 12:30:07.469906+00:00,9170786,454617445
2024-03-12 12:30:08.273161+00:00,SFRU24,95.190,48,unknown,2024-03-12 12:30:08.280303+00:00,9170910,273161675
2024-03-12 12:30:08.273161+00:00,SFRU24,95.185,16,unknown,2024-03-12 12:30:08.280303+00:00,9170917,273161675
2024-03-12 12:30:08.273976+00:00,SFRU24,95.195,10,buy,2024-03-12 12:30:08.285258+00:00,9170928,273976261
2024-03-12 12:30:08.504886+00:00,SFRU24,95.195,19,unknown,2024-03-12 12:30:08.510255+00:00,9170958,504886787
2024-03-12 12:30:08.504887+00:00,SFRU24,95.195,24,unknown,2024-03-12 12:30:08.515244+00:00,9170961,504887535
2024-03-12 12:30:08.505346+00:00,SFRU24,95.195,8,buy,2024-03-12 12:30:08.515244+00:00,9170965,505346957
2024-03-12 12:30:08.905039+00:00,SFRU24,95.200,5,unknown,2024-03-12 12:30:08.915481+00:00,9171025,905039353
2024-03-12 12:30:08.947848+00:00,SFRU24,95.195,56,unknown,2024-03-12 12:30:08.960271+00:00,9171064,947848629
2024-03-12 12:30:08.947848+00:00,SFRU24,95.190,44,unknown,2024-03-12 12:30:08.960271+00:00,9171096,947848629
2024-03-12 12:30:08.958094+00:00,SFRU24,95.190,3,unknown,2024-03-12 12:30:08.985034+00:00,9171261,958094757
2024-03-12 12:30:08.959283+00:00,SFRU24,95.190,9,unknown,2024-03-12 12:30:08.985034+00:00,9171267,959283225
2024-03-12 12:30:08.959443+00:00,SFRU24,95.190,13,unknown,2024-03-12 12:30:08.985034+00:00,9171270,959443441
2024-03-12 12:30:08.959983+00:00,SFRU24,95.190,6,unknown,2024-03-12 12:30:08.985034+00:00,9171273,959983937
2024-03-12 12:30:08.959983+00:00,SFRU24,95.185,2,unknown,2024-03-12 12:30:08.985034+00:00,9171276,959983937
2024-03-12 12:30:08.960232+00:00,SFRU24,95.185,15,unknown,2024-03-12 12:30:08.985034+00:00,9171280,960232853
2024-03-12 12:30:08.960892+00:00,SFRU24,95.185,7,unknown,2024-03-12 12:30:08.985034+00:00,9171285,960892635
2024-03-12 12:30:08.961049+00:00,SFRU24,95.185,6,unknown,2024-03-12 12:30:08.985034+00:00,9171288,961049453
2024-03-12 12:30:08.961049+00:00,SFRU24,95.180,5,unknown,2024-03-12 12:30:08.985034+00:00,9171293,961049453
2024-03-12 12:30:08.961622+00:00,SFRU24,95.180,5,unknown,2024-03-12 12:30:08.985034+00:00,9171297,961622013
2024-03-12 12:30:08.961994+00:00,SFRU24,95.180,13,unknown,2024-03-12 12:30:08.985239+00:00,9171311,961994285
2024-03-12 12:30:08.964341+00:00,SFRU24,95.175,3,unknown,2024-03-12 12:30:08.990153+00:00,9171331,964341635
2024-03-12 12:30:08.964975+00:00,SFRU24,95.175,8,unknown,2024-03-12 12:30:08.990153+00:00,9171342,964975573
2024-03-12 12:30:08.970276+00:00,SFRU24,95.190,9,sell,2024-03-12 12:30:09.000173+00:00,9171425,970276239
2024-03-12 12:30:08.970829+00:00,SFRU24,95.190,4,unknown,2024-03-12 12:30:09.000173+00:00,9171434,970829617
2024-03-12 12:30:08.971356+00:00,SFRU24,95.190,3,sell,2024-03-12 12:30:09.000173+00:00,9171441,971356883
2024-03-12 12:30:08.972027+00:00,SFRU24,95.190,3,sell,2024-03-12 12:30:09.000173+00:00,9171445,972027339
2024-03-12 12:30:08.972426+00:00,SFRU24,95.190,3,unknown,2024-03-12 12:30:09.000173+00:00,9171448,972426163
2024-03-12 12:30:08.973079+00:00,SFRU24,95.190,8,sell,2024-03-12 12:30:09.000173+00:00,9171462,973079187
2024-03-12 12:30:08.975176+00:00,SFRU24,95.175,10,unknown,2024-03-12 12:30:09.005189+00:00,9171512,975176111
2024-03-12 12:30:08.977850+00:00,SFRU24,95.185,18,sell,2024-03-12 12:30:09.005189+00:00,9171532,977850799
2024-03-12 12:30:08.980807+00:00,SFRU24,95.190,1,buy,2024-03-12 12:30:09.010136+00:00,9171554,980807857
2024-03-12 12:30:08.982299+00:00,SFRU24,95.185,2,unknown,2024-03-12 12:30:09.010136+00:00,9171571,982299691
2024-03-12 12:30:08.982402+00:00,SFRU24,95.185,1,unknown,2024-03-12 12:30:09.010136+00:00,9171576,982402215
2024-03-12 12:30:08.982444+00:00,SFRU24,95.185,3,unknown,2024-03-12 12:30:09.010136+00:00,9171580,982444991
2024-03-12 12:30:08.982488+00:00,SFRU24,95.185,1,unknown,2024-03-12 12:30:09.010136+00:00,9171583,982488361
2024-03-12 12:30:08.982662+00:00,SFRU24,95.185,6,unknown,2024-03-12 12:30:09.010279+00:00,9171586,982662979
2024-03-12 12:30:08.984167+00:00,SFRU24,95.180,3,unknown,2024-03-12 12:30:09.010279+00:00,9171597,984167177
2024-03-12 12:30:08.984424+00:00,SFRU24,95.180,1,unknown,2024-03-12 12:30:09.010279+00:00,9171606,984424063
2024-03-12 12:30:08.984567+00:00,SFRU24,95.180,1,unknown,2024-03-12 12:30:09.010279+00:00,9171612,984567769
2024-03-12 12:30:08.985516+00:00,SFRU24,95.190,3,buy,2024-03-12 12:30:09.015061+00:00,9171634,985516093
2024-03-12 12:30:08.987974+00:00,SFRU24,95.190,6,unknown,2024-03-12 12:30:09.020085+00:00,9171736,987974627
2024-03-12 12:30:08.990849+00:00,SFRU24,95.190,9,buy,2024-03-12 12:30:09.025147+00:00,9171757,990849839
2024-03-12 12:30:08.991110+00:00,SFRU24,95.190,4,unknown,2024-03-12 12:30:09.025147+00:00,9171759,991110987
2024-03-12 12:30:08.994513+00:00,SFRU24,95.190,4,unknown,2024-03-12 12:30:09.030037+00:00,9171796,994513045
2024-03-12 12:30:08.994821+00:00,SFRU24,95.185,4,sell,2024-03-12 12:30:09.030037+00:00,9171805,994821117
2024-03-12 12:30:08.996287+00:00,SFRU24,95.180,5,sell,2024-03-12 12:30:09.030037+00:00,9171822,996287971
2024-03-12 12:30:08.998060+00:00,SFRU24,95.190,1,buy,2024-03-12 12:30:09.030037+00:00,9171842,998060479
2024-03-12 12:30:08.999806+00:00,SFRU24,95.185,2,unknown,2024-03-12 12:30:09.035002+00:00,9171857,999806433
2024-03-12 12:30:09.003305+00:00,SFRU24,95.185,3,buy,2024-03-12 12:30:09.035002+00:00,9171876,3305563
2024-03-12 12:30:09.008030+00:00,SFRU24,95.185,1,buy,2024-03-12 12:30:09.045019+00:00,9171950,8030945
2024-03-12 12:30:09.010630+00:00,SFRU24,95.185,9,buy,2024-03-12 12:30:09.045019+00:00,9171978,10630841
2024-03-12 12:30:09.010630+00:00,SFRU24,95.190,1,buy,2024-03-12 12:30:09.045019+00:00,9171981,10630841
2024-03-12 12:30:09.011193+00:00,SFRU24,95.190,13,buy,2024-03-12 12:30:09.049919+00:00,9171993,11193685
2024-03-12 12:30:09.011193+00:00,SFRU24,95.185,12,buy,2024-03-12 12:30:09.049919+00:00,9171994,11193685
2024-03-12 12:30:09.013179+00:00,SFRU24,95.190,8,buy,2024-03-12 12:30:09.049919+00:00,9172007,13179475
2024-03-12 12:30:09.013179+00:00,SFRU24,95.185,7,buy,2024-03-12 12:30:09.049919+00:00,9172008,13179475
2024-03-12 12:30:09.013347+00:00,SFRU24,95.190,3,buy,2024-03-12 12:30:09.049919+00:00,9172022,13347757
2024-03-12 12:30:09.013347+00:00,SFRU24,95.185,3,buy,2024-03-12 12:30:09.049919+00:00,9172023,13347757
2024-03-12 12:30:09.018803+00:00,SFRU24,95.190,2,buy,2024-03-12 12:30:09.055844+00:00,9172065,18803227
2024-03-12 12:30:09.020932+00:00,SFRU24,95.185,1,sell,2024-03-12 12:30:09.060159+00:00,9172101,20932609
2024-03-12 12:30:09.020932+00:00,SFRU24,95.180,2,sell,2024-03-12 12:30:09.060159+00:00,9172104,20932609
2024-03-12 12:30:09.021618+00:00,SFRU24,95.180,22,sell,2024-03-12 12:30:09.060159+00:00,9172105,21618479
2024-03-12 12:30:09.023850+00:00,SFRU24,95.185,1,buy,2024-03-12 12:30:09.060159+00:00,9172127,23850617
2024-03-12 12:30:09.024171+00:00,SFRU24,95.185,2,unknown,2024-03-12 12:30:09.060159+00:00,9172132,24171913
2024-03-12 12:30:09.028813+00:00,SFRU24,95.185,7,buy,2024-03-12 12:30:09.065868+00:00,9172163,28813299
2024-03-12 12:30:09.035386+00:00,SFRU24,95.185,1,buy,2024-03-12 12:30:09.070096+00:00,9172188,35386699
2024-03-12 12:30:09.037328+00:00,SFRU24,95.185,13,buy,2024-03-12 12:30:09.070096+00:00,9172194,37328849
2024-03-12 12:30:09.037979+00:00,SFRU24,95.185,1,buy,2024-03-12 12:30:09.070096+00:00,9172195,37979875
2024-03-12 12:30:09.042869+00:00,SFRU24,95.180,3,sell,2024-03-12 12:30:09.075780+00:00,9172205,42869351
2024-03-12 12:30:09.043920+00:00,SFRU24,95.185,1,buy,2024-03-12 12:30:09.075780+00:00,9172212,43920891
2024-03-12 12:30:09.049448+00:00,SFRU24,95.185,1,buy,2024-03-12 12:30:09.080756+00:00,9172231,49448625
2024-03-12 12:30:09.053731+00:00,SFRU24,95.185,9,buy,2024-03-12 12:30:09.080756+00:00,9172241,53731927
2024-03-12 12:30:09.063167+00:00,SFRU24,95.185,1,buy,2024-03-12 12:30:09.090692+00:00,9172282,63167867
2024-03-12 12:30:09.077785+00:00,SFRU24,95.185,2,unknown,2024-03-12 12:30:09.095060+00:00,9172338,77785055
2024-03-12 12:30:09.077838+00:00,SFRU24,95.185,8,buy,2024-03-12 12:30:09.095060+00:00,9172340,77838581
2024-03-12 12:30:09.077892+00:00,SFRU24,95.185,1,buy,2024-03-12 12:30:09.095060+00:00,9172342,77892723
2024-03-12 12:30:09.077914+00:00,SFRU24,95.185,1,buy,2024-03-12 12:30:09.095060+00:00,9172344,77914493
2024-03-12 12:30:09.077932+00:00,SFRU24,95.185,3,unknown,2024-03-12 12:30:09.095060+00:00,9172347,77932235
2024-03-12 12:30:09.077977+00:00,SFRU24,95.185,9,buy,2024-03-12 12:30:09.095060+00:00,9172349,77977391
2024-03-12 12:30:09.078033+00:00,SFRU24,95.185,2,buy,2024-03-12 12:30:09.095060+00:00,9172351,78033893
2024-03-12 12:30:09.078361+00:00,SFRU24,95.185,1,buy,2024-03-12 12:30:09.095060+00:00,9172353,78361815
2024-03-12 12:30:09.079004+00:00,SFRU24,95.185,2,unknown,2024-03-12 12:30:09.095674+00:00,9172357,79004779
2024-03-12 12:30:09.080172+00:00,SFRU24,95.185,1,unknown,2024-03-12 12:30:09.095674+00:00,9172364,80172915
2024-03-12 12:30:09.083191+00:00,SFRU24,95.185,9,buy,2024-03-12 12:30:09.100679+00:00,9172373,83191641
2024-03-12 12:30:09.088046+00:00,SFRU24,95.185,7,buy,2024-03-12 12:30:09.104950+00:00,9172391,88046215
2024-03-12 12:30:09.089968+00:00,SFRU24,95.185,22,buy,2024-03-12 12:30:09.104950+00:00,9172394,89968783
2024-03-12 12:30:09.089974+00:00,SFRU24,95.185,3,buy,2024-03-12 12:30:09.104950+00:00,9172395,89974887
2024-03-12 12:30:09.094043+00:00,SFRU24,95.190,1,buy,2024-03-12 12:30:09.110646+00:00,9172418,94043965
2024-03-12 12:30:09.097014+00:00,SFRU24,95.185,5,buy,2024-03-12 12:30:09.110646+00:00,9172427,97014039
2024-03-12 12:30:09.097014+00:00,SFRU24,95.190,3,buy,2024-03-12 12:30:09.110646+00:00,9172428,97014039
2024-03-12 12:30:09.102287+00:00,SFRU24,95.190,8,buy,2024-03-12 12:30:09.115086+00:00,9172446,102287963
2024-03-12 12:30:09.104593+00:00,SFRU24,95.190,8,unknown,2024-03-12 12:30:09.115086+00:00,9172454,104593727
2024-03-12 12:30:09.108058+00:00,SFRU24,95.190,17,buy,2024-03-12 12:30:09.120606+00:00,9172465,108058239
2024-03-12 12:30:09.108058+00:00,SFRU24,95.195,6,buy,2024-03-12 12:30:09.120606+00:00,9172466,108058239
2024-03-12 12:30:09.114493+00:00,SFRU24,95.195,1,buy,2024-03-12 12:30:09.120606+00:00,9172479,114493251
2024-03-12 12:30:09.119768+00:00,SFRU24,95.190,12,buy,2024-03-12 12:30:09.125561+00:00,9172485,119768439
2024-03-12 12:30:09.233472+00:00,SFRU24,95.195,39,unknown,2024-03-12 12:30:09.240099+00:00,9172545,233472889
2024-03-12 12:30:09.796008+00:00,SFRU24,95.190,16,buy,2024-03-12 12:30:09.805558+00:00,9172702,796008117
2024-03-12 12:30:09.938451+00:00,SFRU24,95.195,5,buy,2024-03-12 12:30:09.945080+00:00,9172759,938451251
2024-03-12 12:30:10.066265+00:00,SFRU24,95.195,4,unknown,2024-03-12 12:30:10.075398+00:00,9172789,66265549
2024-03-12 12:30:10.102845+00:00,SFRU24,95.195,3,unknown,2024-03-12 12:30:10.110241+00:00,9172831,102845745
2024-03-12 12:30:10.132190+00:00,SFRU24,95.195,3,unknown,2024-03-12 12:30:10.140083+00:00,9172853,132190361
2024-03-12 12:30:10.184426+00:00,SFRU24,95.195,9,unknown,2024-03-12 12:30:10.189930+00:00,9172896,184426229
2024-03-12 12:30:10.203636+00:00,SFRU24,95.200,3,unknown,2024-03-12 12:30:10.209808+00:00,9172913,203636419
2024-03-12 12:30:10.205357+00:00,SFRU24,95.200,2,unknown,2024-03-12 12:30:10.215761+00:00,9172918,205357203
2024-03-12 12:30:10.210586+00:00,SFRU24,95.200,1,unknown,2024-03-12 12:30:10.219706+00:00,9172930,210586389
2024-03-12 12:30:10.226004+00:00,SFRU24,95.200,4,unknown,2024-03-12 12:30:10.234938+00:00,9172959,226004087
2024-03-12 12:30:10.248062+00:00,SFRU24,95.200,7,unknown,2024-03-12 12:30:10.255601+00:00,9172990,248062497
2024-03-12 12:30:10.251988+00:00,SFRU24,95.200,2,unknown,2024-03-12 12:30:10.260570+00:00,9173018,251988059
2024-03-12 12:30:10.260254+00:00,SFRU24,95.200,6,unknown,2024-03-12 12:30:10.270574+00:00,9173021,260254691
2024-03-12 12:30:10.260674+00:00,SFRU24,95.200,10,unknown,2024-03-12 12:30:10.270574+00:00,9173024,260674655
2024-03-12 12:30:10.271301+00:00,SFRU24,95.200,14,unknown,2024-03-12 12:30:10.280496+00:00,9173055,271301347
2024-03-12 12:30:10.272347+00:00,SFRU24,95.200,2,unknown,2024-03-12 12:30:10.280496+00:00,9173060,272347647
2024-03-12 12:30:10.288633+00:00,SFRU24,95.200,3,unknown,2024-03-12 12:30:10.295417+00:00,9173073,288633359
2024-03-12 12:30:10.289878+00:00,SFRU24,95.200,1,unknown,2024-03-12 12:30:10.300436+00:00,9173082,289878349
2024-03-12 12:30:10.293238+00:00,SFRU24,95.200,14,buy,2024-03-12 12:30:10.300436+00:00,9173089,293238935
2024-03-12 12:30:10.300354+00:00,SFRU24,95.200,12,sell,2024-03-12 12:30:10.315327+00:00,9173124,300354521
2024-03-12 12:30:10.416379+00:00,SFRU24,95.200,10,sell,2024-03-12 12:30:10.424957+00:00,9173148,416379231
2024-03-12 12:30:10.493881+00:00,SFRU24,95.195,41,sell,2024-03-12 12:30:10.505501+00:00,9173174,493881403
2024-03-12 12:30:10.495008+00:00,SFRU24,95.195,15,sell,2024-03-12 12:30:10.510489+00:00,9173177,495008069
2024-03-12 12:30:10.499530+00:00,SFRU24,95.195,2,buy,2024-03-12 12:30:10.515166+00:00,9173185,499530207
2024-03-12 12:30:10.499530+00:00,SFRU24,95.200,1,buy,2024-03-12 12:30:10.515166+00:00,9173186,499530207
2024-03-12 12:30:10.500546+00:00,SFRU24,95.190,2,sell,2024-03-12 12:30:10.515166+00:00,9173191,500546189
2024-03-12 12:30:10.502975+00:00,SFRU24,95.195,1,buy,2024-03-12 12:30:10.519412+00:00,9173192,502975215
2024-03-12 12:30:10.620995+00:00,SFRU24,95.195,32,sell,2024-03-12 12:30:10.644992+00:00,9173249,620995603
2024-03-12 12:30:10.621012+00:00,SFRU24,95.195,25,sell,2024-03-12 12:30:10.644992+00:00,9173253,621012001
2024-03-12 12:30:10.623323+00:00,SFRU24,95.200,1,unknown,2024-03-12 12:30:10.650223+00:00,9173263,623323907
2024-03-12 12:30:10.627831+00:00,SFRU24,95.195,18,sell,2024-03-12 12:30:10.660112+00:00,9173284,627831973
2024-03-12 12:30:10.796629+00:00,SFRU24,95.200,1,buy,2024-03-12 12:30:10.815158+00:00,9173463,796629475
2024-03-12 12:30:10.797969+00:00,SFRU24,95.200,3,buy,2024-03-12 12:30:10.815158+00:00,9173469,797969617
2024-03-12 12:30:10.802211+00:00,SFRU24,95.200,20,buy,2024-03-12 12:30:10.815158+00:00,9173478,802211869
2024-03-12 12:30:10.890072+00:00,SFRU24,95.205,17,buy,2024-03-12 12:30:10.900744+00:00,9173485,890072273
2024-03-12 12:30:11.246197+00:00,SFRU24,95.200,8,unknown,2024-03-12 12:30:11.255203+00:00,9173512,246197027
2024-03-12 12:30:11.968652+00:00,SFRU24,95.200,57,unknown,2024-03-12 12:30:11.975036+00:00,9173583,968652363
2024-03-12 12:30:12.003694+00:00,SFRU24,95.200,1,sell,2024-03-12 12:30:12.009850+00:00,9173607,3694973
2024-03-12 12:30:12.281724+00:00,SFRU24,95.205,22,buy,2024-03-12 12:30:12.290667+00:00,9173657,281724299
2024-03-12 12:30:12.281740+00:00,SFRU24,95.205,91,buy,2024-03-12 12:30:12.290667+00:00,9173659,281740255
2024-03-12 12:30:12.288146+00:00,SFRU24,95.210,1,buy,2024-03-12 12:30:12.300635+00:00,9173670,288146793
2024-03-12 12:30:12.793554+00:00,SFRU24,95.205,9,sell,2024-03-12 12:30:12.800441+00:00,9173717,793554553
2024-03-12 12:30:12.892043+00:00,SFRU24,95.200,48,unknown,2024-03-12 12:30:12.900057+00:00,9173758,892043491
2024-03-12 12:30:12.904663+00:00,SFRU24,95.200,10,unknown,2024-03-12 12:30:12.914858+00:00,9173792,904663021
2024-03-12 12:30:12.924428+00:00,SFRU24,95.200,9,sell,2024-03-12 12:30:12.934971+00:00,9173810,924428281
2024-03-12 12:30:12.941501+00:00,SFRU24,95.200,9,sell,2024-03-12 12:30:12.949781+00:00,9173811,941501947
2024-03-12 12:30:13.295745+00:00,SFRU24,95.205,23,buy,2024-03-12 12:30:13.305206+00:00,9173829,295745313
2024-03-12 12:30:13.309598+00:00,SFRU24,95.200,1,sell,2024-03-12 12:30:13.315180+00:00,9173834,309598949
2024-03-12 12:30:13.682908+00:00,SFRU24,95.200,68,sell,2024-03-12 12:30:13.690537+00:00,9173865,682908071
2024-03-12 12:30:13.824777+00:00,SFRU24,95.200,38,unknown,2024-03-12 12:30:13.835857+00:00,9173875,824777425
2024-03-12 12:30:14.252901+00:00,SFRU24,95.195,42,sell,2024-03-12 12:30:14.269995+00:00,9173889,252901193
2024-03-12 12:30:14.262555+00:00,SFRU24,95.195,6,buy,2024-03-12 12:30:14.275063+00:00,9173894,262555005
2024-03-12 12:30:14.262763+00:00,SFRU24,95.195,8,unknown,2024-03-12 12:30:14.275063+00:00,9173897,262763739
2024-03-12 12:30:14.264086+00:00,SFRU24,95.195,5,buy,2024-03-12 12:30:14.275063+00:00,9173900,264086391
2024-03-12 12:30:14.265467+00:00,SFRU24,95.195,13,unknown,2024-03-12 12:30:14.275063+00:00,9173903,265467313
2024-03-12 12:30:14.419340+00:00,SFRU24,95.200,53,unknown,2024-03-12 12:30:14.430315+00:00,9173930,419340479
2024-03-12 12:30:14.427963+00:00,SFRU24,95.205,1,buy,2024-03-12 12:30:14.450184+00:00,9173970,427963351
2024-03-12 12:30:14.437417+00:00,SFRU24,95.200,19,sell,2024-03-12 12:30:14.460232+00:00,9173978,437417607
2024-03-12 12:30:14.447102+00:00,SFRU24,95.200,15,sell,2024-03-12 12:30:14.465098+00:00,9173997,447102465
2024-03-12 12:30:14.660755+00:00,SFRU24,95.205,5,buy,2024-03-12 12:30:14.670217+00:00,9174025,660755819
2024-03-12 12:30:15.293870+00:00,SFRU24,95.200,3,sell,2024-03-12 12:30:15.305067+00:00,9174087,293870419
2024-03-12 12:30:15.294142+00:00,SFRU24,95.200,1,sell,2024-03-12 12:30:15.305067+00:00,9174088,294142185
2024-03-12 12:30:15.294772+00:00,SFRU24,95.200,1,sell,2024-03-12 12:30:15.305067+00:00,9174089,294772781
2024-03-12 12:30:15.294816+00:00,SFRU24,95.200,23,sell,2024-03-12 12:30:15.305067+00:00,9174090,294816709
2024-03-12 12:30:15.295366+00:00,SFRU24,95.200,34,sell,2024-03-12 12:30:15.305067+00:00,9174091,295366977
2024-03-12 12:30:15.891141+00:00,SFRU24,95.195,1,buy,2024-03-12 12:30:15.905747+00:00,9174144,891141611
2024-03-12 12:30:15.894637+00:00,SFRU24,95.195,6,unknown,2024-03-12 12:30:15.909841+00:00,9174155,894637937
2024-03-12 12:30:15.895980+00:00,SFRU24,95.195,22,buy,2024-03-12 12:30:15.909841+00:00,9174159,895980191
2024-03-12 12:30:15.911101+00:00,SFRU24,95.195,14,sell,2024-03-12 12:30:15.925686+00:00,9174172,911101857
2024-03-12 12:30:16.186181+00:00,SFRU24,95.195,13,unknown,2024-03-12 12:30:16.195521+00:00,9174197,186181689
2024-03-12 12:30:16.408497+00:00,SFRU24,95.195,36,unknown,2024-03-12 12:30:16.415520+00:00,9174214,408497503
2024-03-12 12:30:16.408497+00:00,SFRU24,95.200,66,unknown,2024-03-12 12:30:16.415520+00:00,9174217,408497503
2024-03-12 12:30:16.418227+00:00,SFRU24,95.195,7,sell,2024-03-12 12:30:16.430505+00:00,9174245,418227691
2024-03-12 12:30:16.418236+00:00,SFRU24,95.195,5,sell,2024-03-12 12:30:16.430505+00:00,9174246,418236389
2024-03-12 12:30:16.589404+00:00,SFRU24,95.200,2,buy,2024-03-12 12:30:16.595706+00:00,9174253,589404759
2024-03-12 12:30:16.946543+00:00,SFRU24,95.195,35,buy,2024-03-12 12:30:16.955157+00:00,9174262,946543459
2024-03-12 12:30:17.237004+00:00,SFRU24,95.190,3,sell,2024-03-12 12:30:17.245088+00:00,9174271,237004107
2024-03-12 12:30:17.237145+00:00,SFRU24,95.190,1,sell,2024-03-12 12:30:17.245088+00:00,9174272,237145239
2024-03-12 12:30:17.237274+00:00,SFRU24,95.190,1,sell,2024-03-12 12:30:17.245088+00:00,9174273,237274623
2024-03-12 12:30:17.237306+00:00,SFRU24,95.190,1,sell,2024-03-12 12:30:17.245088+00:00,9174274,237306187
2024-03-12 12:30:17.754224+00:00,SFRU24,95.200,33,buy,2024-03-12 12:30:17.760653+00:00,9174309,754224607
2024-03-12 12:30:17.754224+00:00,SFRU24,95.195,25,buy,2024-03-12 12:30:17.760653+00:00,9174310,754224607
2024-03-12 12:30:17.772897+00:00,SFRU24,95.195,8,sell,2024-03-12 12:30:17.785515+00:00,9174323,772897275
2024-03-12 12:30:17.774163+00:00,SFRU24,95.195,7,sell,2024-03-12 12:30:17.785515+00:00,9174325,774163539
2024-03-12 12:30:18.313039+00:00,SFRU24,95.195,5,unknown,2024-03-12 12:30:18.325149+00:00,9174374,313039993
2024-03-12 12:30:18.313070+00:00,SFRU24,95.195,18,unknown,2024-03-12 12:30:18.325149+00:00,9174377,313070329
2024-03-12 12:30:18.313077+00:00,SFRU24,95.195,1,unknown,2024-03-12 12:30:18.325149+00:00,9174381,313077029
2024-03-12 12:30:18.792698+00:00,SFRU24,95.195,4,sell,2024-03-12 12:30:18.800085+00:00,9174440,792698623
2024-03-12 12:30:19.418847+00:00,SFRU24,95.195,26,unknown,2024-03-12 12:30:19.425323+00:00,9174465,418847141
2024-03-12 12:30:19.436914+00:00,SFRU24,95.195,8,sell,2024-03-12 12:30:19.450257+00:00,9174489,436914595
2024-03-12 12:30:19.437845+00:00,SFRU24,95.195,7,sell,2024-03-12 12:30:19.450257+00:00,9174499,437845391
2024-03-12 12:30:20.058703+00:00,SFRU24,95.200,38,unknown,2024-03-12 12:30:20.065518+00:00,9174525,58703229
2024-03-12 12:30:20.058703+00:00,SFRU24,95.205,69,unknown,2024-03-12 12:30:20.065518+00:00,9174536,58703229
2024-03-12 12:30:20.061061+00:00,SFRU24,95.200,29,buy,2024-03-12 12:30:20.075469+00:00,9174555,61061619
2024-03-12 12:30:20.078056+00:00,SFRU24,95.205,1,sell,2024-03-12 12:30:20.100382+00:00,9174612,78056721
2024-03-12 12:30:20.078056+00:00,SFRU24,95.200,108,sell,2024-03-12 12:30:20.100382+00:00,9174613,78056721
2024-03-12 12:30:20.084035+00:00,SFRU24,95.205,1,sell,2024-03-12 12:30:20.109947+00:00,9174636,84035063
2024-03-12 12:30:20.085666+00:00,SFRU24,95.200,10,sell,2024-03-12 12:30:20.109947+00:00,9174645,85666379
2024-03-12 12:30:20.085666+00:00,SFRU24,95.200,50,sell,2024-03-12 12:30:20.109947+00:00,9174646,85666553
2024-03-12 12:30:20.085666+00:00,SFRU24,95.200,7,sell,2024-03-12 12:30:20.109947+00:00,9174651,85666733
2024-03-12 12:30:20.085666+00:00,SFRU24,95.200,32,sell,2024-03-12 12:30:20.109947+00:00,9174654,85666909
2024-03-12 12:30:20.100820+00:00,SFRU24,95.205,5,buy,2024-03-12 12:30:20.125258+00:00,9174696,100820567
2024-03-12 12:30:20.101193+00:00,SFRU24,95.205,2,buy,2024-03-12 12:30:20.125258+00:00,9174697,101193511
2024-03-12 12:30:20.101235+00:00,SFRU24,95.205,2,buy,2024-03-12 12:30:20.125258+00:00,9174698,101235635
2024-03-12 12:30:20.101304+00:00,SFRU24,95.205,1,buy,2024-03-12 12:30:20.125258+00:00,9174699,101304117
2024-03-12 12:30:20.101355+00:00,SFRU24,95.205,1,buy,2024-03-12 12:30:20.125258+00:00,9174700,101355475
2024-03-12 12:30:20.372472+00:00,SFRU24,95.200,20,sell,2024-03-12 12:30:20.390128+00:00,9174726,372472037
2024-03-12 12:30:20.372482+00:00,SFRU24,95.200,20,sell,2024-03-12 12:30:20.390128+00:00,9174727,372482597
2024-03-12 12:30:20.452215+00:00,SFRU24,95.205,5,unknown,2024-03-12 12:30:20.460734+00:00,9174750,452215849
2024-03-12 12:30:21.379626+00:00,SFRU24,95.205,2,unknown,2024-03-12 12:30:21.395649+00:00,9174832,379626191
2024-03-12 12:30:21.503239+00:00,SFRU24,95.210,6,unknown,2024-03-12 12:30:21.510215+00:00,9174843,503239265
2024-03-12 12:30:21.620421+00:00,SFRU24,95.205,19,sell,2024-03-12 12:30:21.630647+00:00,9174852,620421917
2024-03-12 12:30:22.301228+00:00,SFRU24,95.205,11,sell,2024-03-12 12:30:22.315613+00:00,9174868,301228357
2024-03-12 12:30:22.810625+00:00,SFRU24,95.205,45,unknown,2024-03-12 12:30:22.820431+00:00,9174933,810625685
2024-03-12 12:30:22.819623+00:00,SFRU24,95.205,29,buy,2024-03-12 12:30:22.830390+00:00,9174944,819623425
2024-03-12 12:30:22.821320+00:00,SFRU24,95.205,11,buy,2024-03-12 12:30:22.835326+00:00,9174946,821320727
2024-03-12 12:30:22.826285+00:00,SFRU24,95.205,5,buy,2024-03-12 12:30:22.835326+00:00,9174950,826285771
2024-03-12 12:30:23.125056+00:00,SFRU24,95.205,16,unknown,2024-03-12 12:30:23.135042+00:00,9175026,125056657
2024-03-12 12:30:23.293049+00:00,SFRU24,95.205,18,buy,2024-03-12 12:30:23.300315+00:00,9175058,293049827
2024-03-12 12:30:23.293126+00:00,SFRU24,95.205,9,buy,2024-03-12 12:30:23.300315+00:00,9175061,293126471
2024-03-12 12:30:23.296319+00:00,SFRU24,95.200,18,sell,2024-03-12 12:30:23.305000+00:00,9175070,296319093
2024-03-12 12:30:23.296328+00:00,SFRU24,95.200,76,sell,2024-03-12 12:30:23.305000+00:00,9175071,296328645
2024-03-12 12:30:23.388788+00:00,SFRU24,95.205,94,buy,2024-03-12 12:30:23.394868+00:00,9175077,388788463
2024-03-12 12:30:23.388788+00:00,SFRU24,95.210,406,buy,2024-03-12 12:30:23.394868+00:00,9175078,388788463
2024-03-12 12:30:23.859102+00:00,SFRU24,95.200,27,sell,2024-03-12 12:30:23.875749+00:00,9175169,859102467
2024-03-12 12:30:23.863240+00:00,SFRU24,95.200,22,sell,2024-03-12 12:30:23.879749+00:00,9175183,863240429
2024-03-12 12:30:23.864485+00:00,SFRU24,95.200,1,sell,2024-03-12 12:30:23.879749+00:00,9175188,864485499
2024-03-12 12:30:24.258939+00:00,SFRU24,95.205,25,buy,2024-03-12 12:30:24.275002+00:00,9175244,258939897
2024-03-12 12:30:24.790356+00:00,SFRU24,95.200,3,unknown,2024-03-12 12:30:24.810676+00:00,9175333,790356013
2024-03-12 12:30:24.790368+00:00,SFRU24,95.200,4,sell,2024-03-12 12:30:24.810676+00:00,9175343,790368585
2024-03-12 12:30:24.790370+00:00,SFRU24,95.200,13,unknown,2024-03-12 12:30:24.810676+00:00,9175345,790370659
2024-03-12 12:30:24.791593+00:00,SFRU24,95.200,24,sell,2024-03-12 12:30:24.815658+00:00,9175357,791593897
2024-03-12 12:30:24.797209+00:00,SFRU24,95.200,48,sell,2024-03-12 12:30:24.815658+00:00,9175374,797209391
2024-03-12 12:30:25.057340+00:00,SFRU24,95.200,40,unknown,2024-03-12 12:30:25.065546+00:00,9175542,57340199
2024-03-12 12:30:25.058556+00:00,SFRU24,95.200,1,buy,2024-03-12 12:30:25.075491+00:00,9175553,58556757
2024-03-12 12:30:25.164641+00:00,SFRU24,95.200,19,buy,2024-03-12 12:30:25.170136+00:00,9175595,164641625
2024-03-12 12:30:25.662568+00:00,SFRU24,95.200,14,sell,2024-03-12 12:30:25.670166+00:00,9175622,662568113
2024-03-12 12:30:26.482003+00:00,SFRU24,95.200,36,buy,2024-03-12 12:30:26.489997+00:00,9175656,482003811
2024-03-12 12:30:27.293334+00:00,SFRU24,95.200,7,sell,2024-03-12 12:30:27.300738+00:00,9175707,293334147
2024-03-12 12:30:28.575852+00:00,SFRU24,95.200,7,unknown,2024-03-12 12:30:28.600075+00:00,9175821,575852835
2024-03-12 12:30:28.590778+00:00,SFRU24,95.205,21,buy,2024-03-12 12:30:28.620267+00:00,9175893,590778457
2024-03-12 12:30:28.597381+00:00,SFRU24,95.205,5,buy,2024-03-12 12:30:28.625118+00:00,9175932,597381903
2024-03-12 12:30:28.630249+00:00,SFRU24,95.205,3,buy,2024-03-12 12:30:28.639752+00:00,9175968,630249975
2024-03-12 12:30:28.709588+00:00,SFRU24,95.205,7,buy,2024-03-12 12:30:28.720519+00:00,9176050,709588147
2024-03-12 12:30:28.709590+00:00,SFRU24,95.205,1,buy,2024-03-12 12:30:28.720519+00:00,9176052,709590643
2024-03-12 12:30:28.709613+00:00,SFRU24,95.205,2,buy,2024-03-12 12:30:28.725503+00:00,9176055,709613199
2024-03-12 12:30:28.709618+00:00,SFRU24,95.205,13,buy,2024-03-12 12:30:28.725503+00:00,9176058,709618229
2024-03-12 12:30:28.709799+00:00,SFRU24,95.205,24,buy,2024-03-12 12:30:28.725503+00:00,9176061,709799239
2024-03-12 12:30:28.713916+00:00,SFRU24,95.205,3,sell,2024-03-12 12:30:28.735406+00:00,9176097,713916967
2024-03-12 12:30:28.717060+00:00,SFRU24,95.205,30,sell,2024-03-12 12:30:28.735406+00:00,9176101,717060085
2024-03-12 12:30:28.783164+00:00,SFRU24,95.210,15,buy,2024-03-12 12:30:28.790195+00:00,9176137,783164005
2024-03-12 12:30:28.799157+00:00,SFRU24,95.205,29,sell,2024-03-12 12:30:28.810116+00:00,9176144,799157543
2024-03-12 12:30:28.926021+00:00,SFRU24,95.205,14,sell,2024-03-12 12:30:28.935529+00:00,9176162,926021289
2024-03-12 12:30:29.091014+00:00,SFRU24,95.210,2,buy,2024-03-12 12:30:29.099777+00:00,9176169,91014835
2024-03-12 12:30:29.606724+00:00,SFRU24,95.210,1,unknown,2024-03-12 12:30:29.615550+00:00,9176184,606724935
2024-03-12 12:30:29.845446+00:00,SFRU24,95.205,94,unknown,2024-03-12 12:30:29.855517+00:00,9176204,845446573
2024-03-12 12:30:29.850916+00:00,SFRU24,95.205,46,sell,2024-03-12 12:30:29.865463+00:00,9176217,850916115
2024-03-12 12:30:29.850918+00:00,SFRU24,95.205,41,sell,2024-03-12 12:30:29.865463+00:00,9176218,850918285
2024-03-12 12:30:29.853047+00:00,SFRU24,95.205,25,sell,2024-03-12 12:30:29.870473+00:00,9176223,853047495
2024-03-12 12:30:29.853605+00:00,SFRU24,95.205,26,sell,2024-03-12 12:30:29.870473+00:00,9176224,853605393
2024-03-12 12:30:29.853751+00:00,SFRU24,95.205,1,sell,2024-03-12 12:30:29.870473+00:00,9176225,853751357
2024-03-12 12:30:30.470414+00:00,SFRU24,95.210,5,buy,2024-03-12 12:30:30.485724+00:00,9176284,470414711
2024-03-12 12:30:31.216428+00:00,SFRU24,95.205,3,unknown,2024-03-12 12:30:31.225501+00:00,9176324,216428989
2024-03-12 12:30:32.450692+00:00,SFRU24,95.205,11,unknown,2024-03-12 12:30:32.460113+00:00,9176516,450692501
2024-03-12 12:30:32.474584+00:00,SFRU24,95.210,4,buy,2024-03-12 12:30:32.480157+00:00,9176521,474584451
2024-03-12 12:30:32.475193+00:00,SFRU24,95.210,12,buy,2024-03-12 12:30:32.485164+00:00,9176522,475193045
2024-03-12 12:30:32.475455+00:00,SFRU24,95.210,12,buy,2024-03-12 12:30:32.485164+00:00,9176523,475455249
2024-03-12 12:30:32.476414+00:00,SFRU24,95.210,6,sell,2024-03-12 12:30:32.485164+00:00,9176524,476414517
2024-03-12 12:30:33.060440+00:00,SFRU24,95.205,65,unknown,2024-03-12 12:30:33.070419+00:00,9176564,60440045
2024-03-12 12:30:33.373755+00:00,SFRU24,95.210,12,buy,2024-03-12 12:30:33.380018+00:00,9176591,373755305
2024-03-12 12:30:33.374056+00:00,SFRU24,95.210,12,buy,2024-03-12 12:30:33.380018+00:00,9176594,374056847
2024-03-12 12:30:34.551617+00:00,SFRU24,95.210,1,sell,2024-03-12 12:30:34.560805+00:00,9176674,551617319
2024-03-12 12:30:34.552155+00:00,SFRU24,95.210,97,sell,2024-03-12 12:30:34.560805+00:00,9176678,552155415
2024-03-12 12:30:34.558162+00:00,SFRU24,95.210,2,unknown,2024-03-12 12:30:34.569857+00:00,9176689,558162187
2024-03-12 12:30:34.704270+00:00,SFRU24,95.210,7,sell,2024-03-12 12:30:34.715180+00:00,9176694,704270393
2024-03-12 12:30:35.011670+00:00,SFRU24,95.210,5,sell,2024-03-12 12:30:35.020785+00:00,9176704,11670501
2024-03-12 12:30:35.281174+00:00,SFRU24,95.210,70,buy,2024-03-12 12:30:35.290247+00:00,9176741,281174599
2024-03-12 12:30:35.281564+00:00,SFRU24,95.210,30,sell,2024-03-12 12:30:35.290247+00:00,9176742,281564151
2024-03-12 12:30:35.281566+00:00,SFRU24,95.210,7,sell,2024-03-12 12:30:35.290247+00:00,9176743,281566321
2024-03-12 12:30:35.810027+00:00,SFRU24,95.210,24,sell,2024-03-12 12:30:35.820380+00:00,9176776,810027579
2024-03-12 12:30:35.810529+00:00,SFRU24,95.210,559,sell,2024-03-12 12:30:35.820380+00:00,9176778,810529889
2024-03-12 12:30:35.811870+00:00,SFRU24,95.205,10,sell,2024-03-12 12:30:35.820380+00:00,9176787,811870011
2024-03-12 12:30:36.402945+00:00,SFRU24,95.210,5,buy,2024-03-12 12:30:36.415191+00:00,9176808,402945467
2024-03-12 12:30:36.929048+00:00,SFRU24,95.205,12,sell,2024-03-12 12:30:36.935388+00:00,9176845,929048719
2024-03-12 12:30:36.930155+00:00,SFRU24,95.205,4,sell,2024-03-12 12:30:36.940399+00:00,9176846,930155399
2024-03-12 12:30:37.634219+00:00,SFRU24,95.210,5,buy,2024-03-12 12:30:37.640369+00:00,9176906,634219883
2024-03-12 12:30:37.859476+00:00,SFRU24,95.210,1,buy,2024-03-12 12:30:37.870309+00:00,9176927,859476361
2024-03-12 12:30:38.004791+00:00,SFRU24,95.210,12,unknown,2024-03-12 12:30:38.020672+00:00,9177053,4791449
2024-03-12 12:30:38.004812+00:00,SFRU24,95.210,12,unknown,2024-03-12 12:30:38.020672+00:00,9177056,4812453
2024-03-12 12:30:38.004879+00:00,SFRU24,95.210,48,unknown,2024-03-12 12:30:38.020672+00:00,9177060,4879803
2024-03-12 12:30:38.007982+00:00,SFRU24,95.210,4,buy,2024-03-12 12:30:38.025605+00:00,9177079,7982489
2024-03-12 12:30:38.016515+00:00,SFRU24,95.210,4,unknown,2024-03-12 12:30:38.035582+00:00,9177132,16515779
2024-03-12 12:30:38.016670+00:00,SFRU24,95.210,7,sell,2024-03-12 12:30:38.035582+00:00,9177134,16670237
2024-03-12 12:30:38.018948+00:00,SFRU24,95.210,2,sell,2024-03-12 12:30:38.035582+00:00,9177146,18948219
2024-03-12 12:30:38.025427+00:00,SFRU24,95.210,4,sell,2024-03-12 12:30:38.040595+00:00,9177166,25427947
2024-03-12 12:30:38.594852+00:00,SFRU24,95.210,8,sell,2024-03-12 12:30:38.610033+00:00,9177257,594852843
2024-03-12 12:30:38.632044+00:00,SFRU24,95.210,22,buy,2024-03-12 12:30:38.639912+00:00,9177278,632044269
2024-03-12 12:30:38.632463+00:00,SFRU24,95.210,3,buy,2024-03-12 12:30:38.639912+00:00,9177282,632463821
2024-03-12 12:30:39.537889+00:00,SFRU24,95.210,29,buy,2024-03-12 12:30:39.545016+00:00,9177310,537889553
2024-03-12 12:30:39.597514+00:00,SFRU24,95.210,17,sell,2024-03-12 12:30:39.605655+00:00,9177322,597514843
2024-03-12 12:30:39.597633+00:00,SFRU24,95.210,9,sell,2024-03-12 12:30:39.605655+00:00,9177323,597633493
2024-03-12 12:30:39.629948+00:00,SFRU24,95.210,10,buy,2024-03-12 12:30:39.635538+00:00,9177325,629948197
2024-03-12 12:30:39.758976+00:00,SFRU24,95.215,24,buy,2024-03-12 12:30:39.770236+00:00,9177355,758976141
2024-03-12 12:30:39.763710+00:00,SFRU24,95.215,21,buy,2024-03-12 12:30:39.770236+00:00,9177372,763710085
2024-03-12 12:30:40.147993+00:00,SFRU24,95.220,48,unknown,2024-03-12 12:30:40.155330+00:00,9177403,147993269
2024-03-12 12:30:41.487918+00:00,SFRU24,95.215,4,sell,2024-03-12 12:30:41.495369+00:00,9177491,487918339
2024-03-12 12:30:41.492149+00:00,SFRU24,95.215,4,buy,2024-03-12 12:30:41.500379+00:00,9177498,492149565
2024-03-12 12:30:41.494872+00:00,SFRU24,95.215,20,buy,2024-03-12 12:30:41.505404+00:00,9177502,494872471
2024-03-12 12:30:41.499973+00:00,SFRU24,95.215,9,buy,2024-03-12 12:30:41.510312+00:00,9177504,499973311
2024-03-12 12:30:41.500947+00:00,SFRU24,95.215,24,buy,2024-03-12 12:30:41.510312+00:00,9177506,500947729
2024-03-12 12:30:41.592608+00:00,SFRU24,95.220,1,buy,2024-03-12 12:30:41.600004+00:00,9177516,592608033
2024-03-12 12:30:41.592608+00:00,SFRU24,95.215,1,buy,2024-03-12 12:30:41.600004+00:00,9177517,592608033
2024-03-12 12:30:42.365650+00:00,SFRU24,95.215,19,sell,2024-03-12 12:30:42.375498+00:00,9177555,365650189
2024-03-12 12:30:43.623342+00:00,SFRU24,95.220,15,sell,2024-03-12 12:30:43.630023+00:00,9177611,623342445
2024-03-12 12:30:44.285890+00:00,SFRU24,95.220,5,buy,2024-03-12 12:30:44.295101+00:00,9177621,285890173
2024-03-12 12:30:44.790084+00:00,SFRU24,95.220,5,buy,2024-03-12 12:30:44.800834+00:00,9177674,790084477
2024-03-12 12:30:45.391045+00:00,SFRU24,95.225,75,buy,2024-03-12 12:30:45.400072+00:00,9177678,391045089
2024-03-12 12:30:45.391045+00:00,SFRU24,95.220,75,buy,2024-03-12 12:30:45.400072+00:00,9177679,391045089
2024-03-12 12:30:45.391045+00:00,SFRU24,95.225,8,buy,2024-03-12 12:30:45.400072+00:00,9177683,391045089
2024-03-12 12:30:45.391045+00:00,SFRU24,95.220,7,buy,2024-03-12 12:30:45.400072+00:00,9177684,391045089
2024-03-12 12:30:46.353108+00:00,SFRU24,95.220,24,buy,2024-03-12 12:30:46.365032+00:00,9177755,353108509
2024-03-12 12:30:46.353145+00:00,SFRU24,95.220,5,buy,2024-03-12 12:30:46.365032+00:00,9177756,353145485
2024-03-12 12:30:47.554757+00:00,SFRU24,95.220,6,sell,2024-03-12 12:30:47.565103+00:00,9177844,554757093
2024-03-12 12:30:47.799063+00:00,SFRU24,95.225,5,buy,2024-03-12 12:30:47.805649+00:00,9177855,799063573
2024-03-12 12:30:48.158377+00:00,SFRU24,95.225,2,buy,2024-03-12 12:30:48.165104+00:00,9177866,158377997
2024-03-12 12:30:48.160880+00:00,SFRU24,95.225,24,buy,2024-03-12 12:30:48.169954+00:00,9177867,160880843
2024-03-12 12:30:48.225473+00:00,SFRU24,95.225,7,buy,2024-03-12 12:30:48.235744+00:00,9177869,225473151
2024-03-12 12:30:49.169196+00:00,SFRU24,95.225,209,buy,2024-03-12 12:30:49.175598+00:00,9177876,169196301
2024-03-12 12:30:49.169995+00:00,SFRU24,95.225,34,sell,2024-03-12 12:30:49.180630+00:00,9177883,169995703
2024-03-12 12:30:49.169998+00:00,SFRU24,95.225,39,sell,2024-03-12 12:30:49.180630+00:00,9177884,169998463
2024-03-12 12:30:49.170002+00:00,SFRU24,95.225,12,sell,2024-03-12 12:30:49.180630+00:00,9177885,170002187
2024-03-12 12:30:49.170046+00:00,SFRU24,95.225,9,sell,2024-03-12 12:30:49.185583+00:00,9177886,170046729
2024-03-12 12:30:49.172839+00:00,SFRU24,95.225,116,sell,2024-03-12 12:30:49.190575+00:00,9177891,172839059
2024-03-12 12:30:49.910792+00:00,SFRU24,95.225,24,buy,2024-03-12 12:30:49.920426+00:00,9177900,910792335
2024-03-12 12:30:49.910894+00:00,SFRU24,95.225,4,sell,2024-03-12 12:30:49.925333+00:00,9177901,910894743
2024-03-12 12:30:50.109304+00:00,SFRU24,95.225,3,unknown,2024-03-12 12:30:50.115112+00:00,9177917,109304825
2024-03-12 12:30:50.109771+00:00,SFRU24,95.225,89,sell,2024-03-12 12:30:50.115112+00:00,9177919,109771461
2024-03-12 12:30:50.111750+00:00,SFRU24,95.225,26,sell,2024-03-12 12:30:50.120497+00:00,9177920,111750033
2024-03-12 12:30:50.112020+00:00,SFRU24,95.225,104,sell,2024-03-12 12:30:50.120497+00:00,9177921,112020897
2024-03-12 12:30:50.576053+00:00,SFRU24,95.225,7,sell,2024-03-12 12:30:50.590453+00:00,9177957,576053829
2024-03-12 12:30:51.662620+00:00,SFRU24,95.225,12,sell,2024-03-12 12:30:51.675635+00:00,9178014,662620105
2024-03-12 12:30:51.702721+00:00,SFRU24,95.225,4,unknown,2024-03-12 12:30:51.710517+00:00,9178027,702721257
2024-03-12 12:30:52.206208+00:00,SFRU24,95.225,200,sell,2024-03-12 12:30:52.215061+00:00,9178038,206208719
2024-03-12 12:30:52.212692+00:00,SFRU24,95.225,24,buy,2024-03-12 12:30:52.220274+00:00,9178049,212692745
2024-03-12 12:30:52.219648+00:00,SFRU24,95.225,10,buy,2024-03-12 12:30:52.225253+00:00,9178050,219648921
2024-03-12 12:30:52.770119+00:00,SFRU24,95.225,25,buy,2024-03-12 12:30:52.780008+00:00,9178066,770119541
2024-03-12 12:30:52.991579+00:00,SFRU24,95.230,32,unknown,2024-03-12 12:30:53.000025+00:00,9178081,991579171
2024-03-12 12:30:53.091812+00:00,SFRU24,95.230,27,unknown,2024-03-12 12:30:53.100474+00:00,9178093,91812453
2024-03-12 12:30:53.385852+00:00,SFRU24,95.225,5,sell,2024-03-12 12:30:53.395106+00:00,9178120,385852523
2024-03-12 12:30:53.607842+00:00,SFRU24,95.230,115,buy,2024-03-12 12:30:53.615149+00:00,9178137,607842085
2024-03-12 12:30:54.183535+00:00,SFRU24,95.230,46,unknown,2024-03-12 12:30:54.190599+00:00,9178174,183535673
2024-03-12 12:30:54.259077+00:00,SFRU24,95.230,6,sell,2024-03-12 12:30:54.270262+00:00,9178230,259077377
2024-03-12 12:30:54.824997+00:00,SFRU24,95.230,24,sell,2024-03-12 12:30:54.834800+00:00,9178296,824997597
2024-03-12 12:30:54.837208+00:00,SFRU24,95.230,1,sell,2024-03-12 12:30:54.845708+00:00,9178297,837208723
2024-03-12 12:30:55.001329+00:00,SFRU24,95.230,35,sell,2024-03-12 12:30:55.010242+00:00,9178299,1329991
2024-03-12 12:30:55.001588+00:00,SFRU24,95.230,196,sell,2024-03-12 12:30:55.010242+00:00,9178300,1588145
2024-03-12 12:30:55.621828+00:00,SFRU24,95.230,164,unknown,2024-03-12 12:30:55.630289+00:00,9178316,621828341
2024-03-12 12:30:55.623009+00:00,SFRU24,95.230,27,buy,2024-03-12 12:30:55.634957+00:00,9178330,623009783
2024-03-12 12:30:55.626078+00:00,SFRU24,95.230,6,unknown,2024-03-12 12:30:55.639994+00:00,9178340,626078523
2024-03-12 12:30:55.628974+00:00,SFRU24,95.235,169,buy,2024-03-12 12:30:55.644970+00:00,9178349,628974051
2024-03-12 12:30:55.629184+00:00,SFRU24,95.235,1,unknown,2024-03-12 12:30:55.644970+00:00,9178355,629184357
2024-03-12 12:30:55.629657+00:00,SFRU24,95.235,14,unknown,2024-03-12 12:30:55.644970+00:00,9178358,629657291
2024-03-12 12:30:55.632892+00:00,SFRU24,95.235,20,unknown,2024-03-12 12:30:55.649105+00:00,9178365,632892777
2024-03-12 12:30:55.632895+00:00,SFRU24,95.235,9,unknown,2024-03-12 12:30:55.652885+00:00,9178368,632895465
2024-03-12 12:30:55.633399+00:00,SFRU24,95.235,6,unknown,2024-03-12 12:30:55.653140+00:00,9178371,633399617
2024-03-12 12:30:55.634986+00:00,SFRU24,95.235,1,unknown,2024-03-12 12:30:55.653140+00:00,9178375,634986501
2024-03-12 12:30:55.635015+00:00,SFRU24,95.235,335,sell,2024-03-12 12:30:55.653140+00:00,9178378,635015397
2024-03-12 12:30:55.641502+00:00,SFRU24,95.230,5,sell,2024-03-12 12:30:55.657548+00:00,9178383,641502423
2024-03-12 12:30:57.368688+00:00,SFRU24,95.235,24,unknown,2024-03-12 12:30:57.375683+00:00,9178444,368688473
2024-03-12 12:30:58.915425+00:00,SFRU24,95.230,27,sell,2024-03-12 12:30:58.925769+00:00,9178496,915425161
2024-03-12 12:30:58.915541+00:00,SFRU24,95.230,3,unknown,2024-03-12 12:30:58.930757+00:00,9178502,915541585
2024-03-12 12:30:58.915560+00:00,SFRU24,95.230,3,unknown,2024-03-12 12:30:58.930757+00:00,9178507,915560975
2024-03-12 12:30:58.917240+00:00,SFRU24,95.230,4,sell,2024-03-12 12:30:58.935151+00:00,9178517,917240367
2024-03-12 12:30:58.919303+00:00,SFRU24,95.230,69,unknown,2024-03-12 12:30:58.935151+00:00,9178522,919303359
2024-03-12 12:30:58.921263+00:00,SFRU24,95.230,4,sell,2024-03-12 12:30:58.940726+00:00,9178528,921263711
2024-03-12 12:30:58.926371+00:00,SFRU24,95.230,2,unknown,2024-03-12 12:30:58.940726+00:00,9178541,926371905
2024-03-12 12:30:59.077212+00:00,SFRU24,95.235,105,unknown,2024-03-12 12:30:59.085092+00:00,9178566,77212863
2024-03-12 12:30:59.079168+00:00,SFRU24,95.235,2,unknown,2024-03-12 12:30:59.090101+00:00,9178576,79168185
2024-03-12 12:30:59.081019+00:00,SFRU24,95.235,22,buy,2024-03-12 12:30:59.095165+00:00,9178579,81019755
2024-03-12 12:30:59.611306+00:00,SFRU24,95.235,54,buy,2024-03-12 12:30:59.620746+00:00,9178612,611306779
2024-03-12 12:30:59.788920+00:00,SFRU24,95.235,10,unknown,2024-03-12 12:30:59.795051+00:00,9178649,788920909
2024-03-12 12:30:59.957622+00:00,SFRU24,95.235,71,unknown,2024-03-12 12:30:59.965247+00:00,9178654,957622703
2024-03-12 12:30:59.958958+00:00,SFRU24,95.235,4,sell,2024-03-12 12:30:59.970211+00:00,9178667,958958773
2024-03-12 12:31:01.051890+00:00,SFRU24,95.235,100,buy,2024-03-12 12:31:01.060426+00:00,9178706,51890513
2024-03-12 12:31:01.387258+00:00,SFRU24,95.235,24,unknown,2024-03-12 12:31:01.395052+00:00,9178717,387258673
2024-03-12 12:31:05.240162+00:00,SFRU24,95.235,27,buy,2024-03-12 12:31:05.255216+00:00,9178862,240162701
2024-03-12 12:31:05.241228+00:00,SFRU24,95.235,1,buy,2024-03-12 12:31:05.264009+00:00,9178888,241228173
2024-03-12 12:31:05.263383+00:00,SFRU24,95.235,8,sell,2024-03-12 12:31:05.290830+00:00,9178921,263383941
2024-03-12 12:31:05.263640+00:00,SFRU24,95.235,2,sell,2024-03-12 12:31:05.290830+00:00,9178922,263640231
2024-03-12 12:31:05.437884+00:00,SFRU24,95.235,56,unknown,2024-03-12 12:31:05.450139+00:00,9178933,437884943
2024-03-12 12:31:05.437884+00:00,SFRU24,95.230,35,unknown,2024-03-12 12:31:05.450139+00:00,9178946,437884943
2024-03-12 12:31:05.439752+00:00,SFRU24,95.230,99,unknown,2024-03-12 12:31:05.450139+00:00,9178969,439752911
2024-03-12 12:31:05.463662+00:00,SFRU24,95.230,1,sell,2024-03-12 12:31:05.485097+00:00,9179063,463662657
2024-03-12 12:31:05.470046+00:00,SFRU24,95.230,1,unknown,2024-03-12 12:31:05.490143+00:00,9179073,470046829
2024-03-12 12:31:05.470182+00:00,SFRU24,95.230,2,sell,2024-03-12 12:31:05.490143+00:00,9179075,470182039
2024-03-12 12:31:05.471098+00:00,SFRU24,95.230,6,sell,2024-03-12 12:31:05.490143+00:00,9179078,471098081
2024-03-12 12:31:05.473054+00:00,SFRU24,95.230,5,sell,2024-03-12 12:31:05.490143+00:00,9179083,473054919
2024-03-12 12:31:05.477265+00:00,SFRU24,95.230,16,sell,2024-03-12 12:31:05.495032+00:00,9179090,477265955
2024-03-12 12:31:05.478400+00:00,SFRU24,95.230,1,buy,2024-03-12 12:31:05.495032+00:00,9179094,478400493
2024-03-12 12:31:05.509993+00:00,SFRU24,95.230,5,buy,2024-03-12 12:31:05.520807+00:00,9179129,509993469
2024-03-12 12:31:05.516281+00:00,SFRU24,95.230,3,buy,2024-03-12 12:31:05.525776+00:00,9179138,516281989
2024-03-12 12:31:07.199869+00:00,SFRU24,95.225,11,unknown,2024-03-12 12:31:07.235404+00:00,9179361,199869555
2024-03-12 12:31:07.202195+00:00,SFRU24,95.225,1,sell,2024-03-12 12:31:07.240167+00:00,9179380,202195113
2024-03-12 12:31:07.206770+00:00,SFRU24,95.225,3,unknown,2024-03-12 12:31:07.245174+00:00,9179392,206770453
2024-03-12 12:31:07.206807+00:00,SFRU24,95.225,2,unknown,2024-03-12 12:31:07.245174+00:00,9179395,206807349
2024-03-12 12:31:07.206846+00:00,SFRU24,95.225,1,unknown,2024-03-12 12:31:07.245174+00:00,9179398,206846003
2024-03-12 12:31:07.211103+00:00,SFRU24,95.225,108,sell,2024-03-12 12:31:07.245326+00:00,9179405,211103173
2024-03-12 12:31:07.212669+00:00,SFRU24,95.225,118,sell,2024-03-12 12:31:07.250203+00:00,9179409,212669615
2024-03-12 12:31:07.232567+00:00,SFRU24,95.225,3,buy,2024-03-12 12:31:07.265247+00:00,9179459,232567635
2024-03-12 12:31:07.232583+00:00,SFRU24,95.225,33,buy,2024-03-12 12:31:07.265247+00:00,9179460,232583725
2024-03-12 12:31:07.232719+00:00,SFRU24,95.225,30,buy,2024-03-12 12:31:07.265247+00:00,9179461,232719865
2024-03-12 12:31:07.232786+00:00,SFRU24,95.225,9,buy,2024-03-12 12:31:07.265247+00:00,9179462,232786239
2024-03-12 12:31:07.272460+00:00,SFRU24,95.225,25,buy,2024-03-12 12:31:07.280378+00:00,9179471,272460459
2024-03-12 12:31:08.958344+00:00,SFRU24,95.220,2,sell,2024-03-12 12:31:08.965692+00:00,9179565,958344507
2024-03-12 12:31:08.958528+00:00,SFRU24,95.220,1,sell,2024-03-12 12:31:08.965692+00:00,9179566,958528223
2024-03-12 12:31:08.962922+00:00,SFRU24,95.220,1,sell,2024-03-12 12:31:08.970715+00:00,9179567,962922823
2024-03-12 12:31:11.072595+00:00,SFRU24,95.215,1,unknown,2024-03-12 12:31:11.085397+00:00,9179687,72595681
2024-03-12 12:31:11.891181+00:00,SFRU24,95.220,7,buy,2024-03-12 12:31:11.899933+00:00,9179760,891181565
2024-03-12 12:31:13.276981+00:00,SFRU24,95.220,2,buy,2024-03-12 12:31:13.285698+00:00,9179833,276981657
2024-03-12 12:31:13.279059+00:00,SFRU24,95.220,12,sell,2024-03-12 12:31:13.290013+00:00,9179834,279059261
2024-03-12 12:31:14.286674+00:00,SFRU24,95.220,1,buy,2024-03-12 12:31:14.300242+00:00,9179897,286674307
2024-03-12 12:31:14.287206+00:00,SFRU24,95.220,1,buy,2024-03-12 12:31:14.300242+00:00,9179898,287206815
2024-03-12 12:31:14.287797+00:00,SFRU24,95.220,1,buy,2024-03-12 12:31:14.300242+00:00,9179902,287797421
2024-03-12 12:31:14.288315+00:00,SFRU24,95.220,21,buy,2024-03-12 12:31:14.300242+00:00,9179904,288315183
2024-03-12 12:31:14.290912+00:00,SFRU24,95.220,1,sell,2024-03-12 12:31:14.305117+00:00,9179928,290912663
2024-03-12 12:31:14.291512+00:00,SFRU24,95.220,24,sell,2024-03-12 12:31:14.305117+00:00,9179935,291512489
2024-03-12 12:31:14.291914+00:00,SFRU24,95.220,2,sell,2024-03-12 12:31:14.305117+00:00,9179939,291914649
2024-03-12 12:31:14.298241+00:00,SFRU24,95.220,3,sell,2024-03-12 12:31:14.310254+00:00,9179949,298241261
2024-03-12 12:31:14.298241+00:00,SFRU24,95.215,7,sell,2024-03-12 12:31:14.310254+00:00,9179950,298241261
2024-03-12 12:31:14.304054+00:00,SFRU24,95.220,3,sell,2024-03-12 12:31:14.320263+00:00,9179957,304054603
2024-03-12 12:31:14.330967+00:00,SFRU24,95.225,24,buy,2024-03-12 12:31:14.345168+00:00,9179999,330967797
2024-03-12 12:31:14.563525+00:00,SFRU24,95.225,7,buy,2024-03-12 12:31:14.570089+00:00,9180011,563525515
2024-03-12 12:31:14.758642+00:00,SFRU24,95.220,5,unknown,2024-03-12 12:31:14.790107+00:00,9180062,758642839
2024-03-12 12:31:14.763267+00:00,SFRU24,95.220,2,sell,2024-03-12 12:31:14.800107+00:00,9180076,763267961
2024-03-12 12:31:14.763726+00:00,SFRU24,95.220,9,sell,2024-03-12 12:31:14.800177+00:00,9180077,763726879
2024-03-12 12:31:14.775867+00:00,SFRU24,95.220,1,sell,2024-03-12 12:31:14.815005+00:00,9180090,775867717
2024-03-12 12:31:14.776938+00:00,SFRU24,95.220,12,unknown,2024-03-12 12:31:14.820069+00:00,9180093,776938437
2024-03-12 12:31:14.958772+00:00,SFRU24,95.220,9,buy,2024-03-12 12:31:14.965281+00:00,9180217,958772109
2024-03-12 12:31:14.959562+00:00,SFRU24,95.220,12,sell,2024-03-12 12:31:14.969882+00:00,9180218,959562309
2024-03-12 12:31:15.143004+00:00,SFRU24,95.220,5,buy,2024-03-12 12:31:15.155531+00:00,9180234,143004031
2024-03-12 12:31:15.144524+00:00,SFRU24,95.220,32,sell,2024-03-12 12:31:15.160524+00:00,9180236,144524221
2024-03-12 12:31:15.144524+00:00,SFRU24,95.220,7,sell,2024-03-12 12:31:15.160524+00:00,9180237,144524839
2024-03-12 12:31:15.146009+00:00,SFRU24,95.220,2,sell,2024-03-12 12:31:15.160524+00:00,9180238,146009585
2024-03-12 12:31:15.146305+00:00,SFRU24,95.220,14,sell,2024-03-12 12:31:15.165491+00:00,9180239,146305349
2024-03-12 12:31:15.183405+00:00,SFRU24,95.220,3,unknown,2024-03-12 12:31:15.190341+00:00,9180244,183405421
2024-03-12 12:31:16.896669+00:00,SFRU24,95.220,75,unknown,2024-03-12 12:31:16.904781+00:00,9180329,896669171
2024-03-12 12:31:17.676266+00:00,SFRU24,95.220,45,buy,2024-03-12 12:31:17.685406+00:00,9180368,676266699
2024-03-12 12:31:17.676635+00:00,SFRU24,95.220,5,sell,2024-03-12 12:31:17.685406+00:00,9180369,676635957
2024-03-12 12:31:18.087870+00:00,SFRU24,95.220,2,sell,2024-03-12 12:31:18.095097+00:00,9180398,87870573
2024-03-12 12:31:18.219529+00:00,SFRU24,95.225,1,unknown,2024-03-12 12:31:18.225034+00:00,9180417,219529815
2024-03-12 12:31:18.729907+00:00,SFRU24,95.225,10,buy,2024-03-12 12:31:18.740058+00:00,9180436,729907315
2024-03-12 12:31:18.730876+00:00,SFRU24,95.225,8,buy,2024-03-12 12:31:18.740058+00:00,9180437,730876375
2024-03-12 12:31:18.734625+00:00,SFRU24,95.225,2,sell,2024-03-12 12:31:18.745725+00:00,9180442,734625113
2024-03-12 12:31:18.737767+00:00,SFRU24,95.225,4,sell,2024-03-12 12:31:18.745725+00:00,9180444,737767619
2024-03-12 12:31:18.738816+00:00,SFRU24,95.225,1,sell,2024-03-12 12:31:18.745725+00:00,9180445,738816507
2024-03-12 12:31:18.746142+00:00,SFRU24,95.225,11,sell,2024-03-12 12:31:18.754993+00:00,9180446,746142419
2024-03-12 12:31:21.511333+00:00,SFRU24,95.225,35,buy,2024-03-12 12:31:21.520539+00:00,9180513,511333825
2024-03-12 12:31:21.517226+00:00,SFRU24,95.225,20,sell,2024-03-12 12:31:21.530485+00:00,9180518,517226381
2024-03-12 12:31:21.522411+00:00,SFRU24,95.225,10,sell,2024-03-12 12:31:21.538391+00:00,9180529,522411545
2024-03-12 12:31:21.885176+00:00,SFRU24,95.225,134,unknown,2024-03-12 12:31:21.895041+00:00,9180583,885176445
2024-03-12 12:31:21.886051+00:00,SFRU24,95.225,6,sell,2024-03-12 12:31:21.895041+00:00,9180594,886051701
2024-03-12 12:31:22.388635+00:00,SFRU24,95.225,35,buy,2024-03-12 12:31:22.395732+00:00,9180604,388635535
2024-03-12 12:31:22.620516+00:00,SFRU24,95.230,5,buy,2024-03-12 12:31:22.635684+00:00,9180724,620516459
2024-03-12 12:31:22.716775+00:00,SFRU24,95.230,2,buy,2024-03-12 12:31:22.780345+00:00,9180764,716775199
2024-03-12 12:31:22.722727+00:00,SFRU24,95.230,5,buy,2024-03-12 12:31:22.784704+00:00,9180774,722727215
2024-03-12 12:31:22.738727+00:00,SFRU24,95.230,1,unknown,2024-03-12 12:31:22.784704+00:00,9180807,738727013
2024-03-12 12:31:22.794538+00:00,SFRU24,95.230,1,buy,2024-03-12 12:31:22.850276+00:00,9180915,794538343
2024-03-12 12:31:22.794950+00:00,SFRU24,95.230,1,buy,2024-03-12 12:31:22.855257+00:00,9180917,794950819
2024-03-12 12:31:22.795516+00:00,SFRU24,95.230,4,sell,2024-03-12 12:31:22.855257+00:00,9180919,795516601
2024-03-12 12:31:22.795541+00:00,SFRU24,95.230,5,sell,2024-03-12 12:31:22.855257+00:00,9180920,795541885
2024-03-12 12:31:22.817898+00:00,SFRU24,95.230,32,buy,2024-03-12 12:31:22.880581+00:00,9180940,817898227
2024-03-12 12:31:22.841918+00:00,SFRU24,95.230,3,buy,2024-03-12 12:31:22.905494+00:00,9180961,841918237
2024-03-12 12:31:22.952311+00:00,SFRU24,95.225,3,sell,2024-03-12 12:31:22.960320+00:00,9180968,952311111
2024-03-12 12:31:22.969577+00:00,SFRU24,95.225,85,unknown,2024-03-12 12:31:22.980300+00:00,9180970,969577231
2024-03-12 12:31:23.565039+00:00,SFRU24,95.225,10,sell,2024-03-12 12:31:23.575543+00:00,9180997,565039219
2024-03-12 12:31:24.014733+00:00,SFRU24,95.230,1,buy,2024-03-12 12:31:24.020570+00:00,9181029,14733827
2024-03-12 12:31:24.048454+00:00,SFRU24,95.230,1,buy,2024-03-12 12:31:24.055455+00:00,9181033,48454341
2024-03-12 12:31:24.062094+00:00,SFRU24,95.230,3,buy,2024-03-12 12:31:24.070374+00:00,9181037,62094307
2024-03-12 12:31:24.517367+00:00,SFRU24,95.230,26,unknown,2024-03-12 12:31:24.525384+00:00,9181069,517367085
2024-03-12 12:31:24.815733+00:00,SFRU24,95.230,10,buy,2024-03-12 12:31:24.825065+00:00,9181083,815733515
2024-03-12 12:31:25.921552+00:00,SFRU24,95.225,16,unknown,2024-03-12 12:31:25.930223+00:00,9181105,921552017
2024-03-12 12:31:26.105056+00:00,SFRU24,95.225,24,sell,2024-03-12 12:31:26.130293+00:00,9181127,105056997
2024-03-12 12:31:26.565378+00:00,SFRU24,95.225,9,sell,2024-03-12 12:31:26.580321+00:00,9181147,565378929
2024-03-12 12:31:26.886210+00:00,SFRU24,95.230,161,unknown,2024-03-12 12:31:26.894975+00:00,9181156,886210005
2024-03-12 12:31:26.926760+00:00,SFRU24,95.230,12,buy,2024-03-12 12:31:26.935049+00:00,9181179,926760245
2024-03-12 12:31:26.927123+00:00,SFRU24,95.230,3,sell,2024-03-12 12:31:26.935049+00:00,9181180,927123091
2024-03-12 12:31:26.927140+00:00,SFRU24,95.230,47,sell,2024-03-12 12:31:26.935049+00:00,9181181,927140791
2024-03-12 12:31:26.927141+00:00,SFRU24,95.230,7,sell,2024-03-12 12:31:26.935049+00:00,9181182,927141291
2024-03-12 12:31:26.927141+00:00,SFRU24,95.230,2,sell,2024-03-12 12:31:26.935049+00:00,9181183,927141597
2024-03-12 12:31:27.328058+00:00,SFRU24,95.230,10,sell,2024-03-12 12:31:27.335072+00:00,9181201,328058363
2024-03-12 12:31:27.382540+00:00,SFRU24,95.230,5,sell,2024-03-12 12:31:27.390769+00:00,9181202,382540899
2024-03-12 12:31:27.382574+00:00,SFRU24,95.230,2,unknown,2024-03-12 12:31:27.390769+00:00,9181205,382574497
2024-03-12 12:31:27.395019+00:00,SFRU24,95.230,6,sell,2024-03-12 12:31:27.404991+00:00,9181213,395019697
2024-03-12 12:31:27.395044+00:00,SFRU24,95.230,2,sell,2024-03-12 12:31:27.404991+00:00,9181215,395044215
2024-03-12 12:31:27.825138+00:00,SFRU24,95.230,1,buy,2024-03-12 12:31:27.835814+00:00,9181252,825138483
2024-03-12 12:31:27.827226+00:00,SFRU24,95.230,14,buy,2024-03-12 12:31:27.835814+00:00,9181261,827226261
2024-03-12 12:31:27.828849+00:00,SFRU24,95.230,6,buy,2024-03-12 12:31:27.835814+00:00,9181269,828849553
2024-03-12 12:31:27.892009+00:00,SFRU24,95.230,4,sell,2024-03-12 12:31:27.900143+00:00,9181278,892009949
2024-03-12 12:31:27.894155+00:00,SFRU24,95.230,2,sell,2024-03-12 12:31:27.905524+00:00,9181279,894155977
2024-03-12 12:31:27.894397+00:00,SFRU24,95.230,1,sell,2024-03-12 12:31:27.905524+00:00,9181280,894397197
2024-03-12 12:31:27.971368+00:00,SFRU24,95.225,53,unknown,2024-03-12 12:31:27.979728+00:00,9181284,971368931
2024-03-12 12:31:28.600862+00:00,SFRU24,95.235,16,buy,2024-03-12 12:31:28.610391+00:00,9181357,600862961
2024-03-12 12:31:28.602478+00:00,SFRU24,95.235,18,buy,2024-03-12 12:31:28.615205+00:00,9181361,602478957
2024-03-12 12:31:28.604681+00:00,SFRU24,95.235,6,sell,2024-03-12 12:31:28.615205+00:00,9181366,604681429
2024-03-12 12:31:28.647156+00:00,SFRU24,95.235,2,unknown,2024-03-12 12:31:28.655227+00:00,9181399,647156527
2024-03-12 12:31:28.694170+00:00,SFRU24,95.235,14,unknown,2024-03-12 12:31:28.699992+00:00,9181402,694170713
2024-03-12 12:31:30.197703+00:00,SFRU24,95.240,26,buy,2024-03-12 12:31:30.205081+00:00,9181635,197703141
2024-03-12 12:31:32.712911+00:00,SFRU24,95.240,107,unknown,2024-03-12 12:31:32.720327+00:00,9181834,712911511
2024-03-12 12:31:32.725150+00:00,SFRU24,95.240,3,sell,2024-03-12 12:31:32.743794+00:00,9181859,725150033
2024-03-12 12:31:32.725151+00:00,SFRU24,95.240,3,sell,2024-03-12 12:31:32.743794+00:00,9181860,725151127
2024-03-12 12:31:32.726044+00:00,SFRU24,95.240,24,sell,2024-03-12 12:31:32.744182+00:00,9181861,726044525
2024-03-12 12:31:32.728314+00:00,SFRU24,95.240,2,sell,2024-03-12 12:31:32.749624+00:00,9181862,728314041
2024-03-12 12:31:32.729270+00:00,SFRU24,95.240,3,sell,2024-03-12 12:31:32.749624+00:00,9181865,729270775
2024-03-12 12:31:32.734294+00:00,SFRU24,95.240,3,sell,2024-03-12 12:31:32.755065+00:00,9181872,734294799
2024-03-12 12:31:32.735879+00:00,SFRU24,95.240,3,sell,2024-03-12 12:31:32.755308+00:00,9181873,735879519
2024-03-12 12:31:32.736945+00:00,SFRU24,95.240,13,sell,2024-03-12 12:31:32.758973+00:00,9181874,736945401
2024-03-12 12:31:32.738109+00:00,SFRU24,95.240,2,sell,2024-03-12 12:31:32.759116+00:00,9181876,738109985
2024-03-12 12:31:32.738111+00:00,SFRU24,95.240,11,sell,2024-03-12 12:31:32.759116+00:00,9181877,738111713
2024-03-12 12:31:32.738639+00:00,SFRU24,95.240,1,sell,2024-03-12 12:31:32.759116+00:00,9181878,738639823
2024-03-12 12:31:32.741422+00:00,SFRU24,95.240,10,sell,2024-03-12 12:31:32.759116+00:00,9181879,741422095
2024-03-12 12:31:32.741839+00:00,SFRU24,95.240,10,sell,2024-03-12 12:31:32.759189+00:00,9181880,741839771
2024-03-12 12:31:32.748437+00:00,SFRU24,95.240,10,sell,2024-03-12 12:31:32.765268+00:00,9181883,748437401
2024-03-12 12:31:32.971728+00:00,SFRU24,95.240,5,sell,2024-03-12 12:31:32.980165+00:00,9181907,971728935
2024-03-12 12:31:37.150769+00:00,SFRU24,95.230,24,sell,2024-03-12 12:31:37.165149+00:00,9182117,150769721
2024-03-12 12:31:37.154959+00:00,SFRU24,95.230,386,sell,2024-03-12 12:31:37.165149+00:00,9182118,154959663
2024-03-12 12:31:37.341030+00:00,SFRU24,95.230,24,buy,2024-03-12 12:31:37.350135+00:00,9182168,341030917
2024-03-12 12:31:37.344379+00:00,SFRU24,95.230,3,buy,2024-03-12 12:31:37.355034+00:00,9182169,344379987
2024-03-12 12:31:37.346864+00:00,SFRU24,95.230,3,buy,2024-03-12 12:31:37.355034+00:00,9182170,346864861
2024-03-12 12:31:37.348441+00:00,SFRU24,95.230,3,buy,2024-03-12 12:31:37.355034+00:00,9182171,348441421
2024-03-12 12:31:37.683283+00:00,SFRU24,95.230,3,buy,2024-03-12 12:31:37.690512+00:00,9182174,683283627
2024-03-12 12:31:37.683880+00:00,SFRU24,95.230,12,sell,2024-03-12 12:31:37.699939+00:00,9182175,683880107
2024-03-12 12:31:37.734541+00:00,SFRU24,95.235,2,unknown,2024-03-12 12:31:37.745295+00:00,9182214,734541237
2024-03-12 12:31:38.126106+00:00,SFRU24,95.235,2,unknown,2024-03-12 12:31:38.140522+00:00,9182312,126106539
2024-03-12 12:31:38.126107+00:00,SFRU24,95.235,2,unknown,2024-03-12 12:31:38.140522+00:00,9182318,126107883
2024-03-12 12:31:38.126248+00:00,SFRU24,95.235,12,unknown,2024-03-12 12:31:38.145568+00:00,9182328,126248757
2024-03-12 12:31:41.819626+00:00,SFRU24,95.240,10,unknown,2024-03-12 12:31:41.830357+00:00,9182551,819626391
2024-03-12 12:31:41.902850+00:00,SFRU24,95.240,27,unknown,2024-03-12 12:31:41.910054+00:00,9182558,902850477
2024-03-12 12:31:41.986222+00:00,SFRU24,95.235,3,sell,2024-03-12 12:31:42.000568+00:00,9182562,986222243
2024-03-12 12:31:41.986487+00:00,SFRU24,95.235,7,sell,2024-03-12 12:31:42.000568+00:00,9182563,986487135
2024-03-12 12:31:42.645027+00:00,SFRU24,95.235,24,sell,2024-03-12 12:31:42.664885+00:00,9182586,645027353
2024-03-12 12:31:42.655813+00:00,SFRU24,95.235,588,sell,2024-03-12 12:31:42.670631+00:00,9182591,655813573
2024-03-12 12:31:42.656801+00:00,SFRU24,95.235,88,sell,2024-03-12 12:31:42.670631+00:00,9182594,656801543
2024-03-12 12:31:42.662409+00:00,SFRU24,95.235,299,sell,2024-03-12 12:31:42.675623+00:00,9182595,662409301
2024-03-12 12:31:42.825858+00:00,SFRU24,95.235,80,unknown,2024-03-12 12:31:42.835111+00:00,9182605,825858157
2024-03-12 12:31:42.825858+00:00,SFRU24,95.240,20,unknown,2024-03-12 12:31:42.835111+00:00,9182614,825858157
2024-03-12 12:31:42.827847+00:00,SFRU24,95.235,6,buy,2024-03-12 12:31:42.835111+00:00,9182618,827847067
2024-03-12 12:31:42.828611+00:00,SFRU24,95.235,3,sell,2024-03-12 12:31:42.845066+00:00,9182637,828611263
2024-03-12 12:31:42.828710+00:00,SFRU24,95.235,1,buy,2024-03-12 12:31:42.845066+00:00,9182641,828710829
2024-03-12 12:31:42.831839+00:00,SFRU24,95.235,5,sell,2024-03-12 12:31:42.849963+00:00,9182648,831839375
2024-03-12 12:31:42.839057+00:00,SFRU24,95.235,32,sell,2024-03-12 12:31:42.854862+00:00,9182653,839057407
2024-03-12 12:31:42.839081+00:00,SFRU24,95.235,19,sell,2024-03-12 12:31:42.854862+00:00,9182654,839081829
2024-03-12 12:31:42.842169+00:00,SFRU24,95.235,16,sell,2024-03-12 12:31:42.860139+00:00,9182655,842169961
2024-03-12 12:31:42.862370+00:00,SFRU24,95.235,1,buy,2024-03-12 12:31:42.869855+00:00,9182661,862370213
2024-03-12 12:31:42.863441+00:00,SFRU24,95.235,1,buy,2024-03-12 12:31:42.869855+00:00,9182662,863441585
2024-03-12 12:31:42.898011+00:00,SFRU24,95.235,2,unknown,2024-03-12 12:31:42.915015+00:00,9182677,898011535
2024-03-12 12:31:42.898042+00:00,SFRU24,95.235,2,unknown,2024-03-12 12:31:42.915015+00:00,9182680,898042575
2024-03-12 12:31:42.898049+00:00,SFRU24,95.235,8,unknown,2024-03-12 12:31:42.915015+00:00,9182683,898049659
2024-03-12 12:31:42.898231+00:00,SFRU24,95.235,8,buy,2024-03-12 12:31:42.915015+00:00,9182685,898231705
2024-03-12 12:31:42.899351+00:00,SFRU24,95.240,4,unknown,2024-03-12 12:31:42.920539+00:00,9182705,899351249
2024-03-12 12:31:42.933324+00:00,SFRU24,95.235,1,sell,2024-03-12 12:31:42.955126+00:00,9182788,933324445
2024-03-12 12:31:42.939118+00:00,SFRU24,95.235,6,unknown,2024-03-12 12:31:42.955415+00:00,9182794,939118337
2024-03-12 12:31:42.939125+00:00,SFRU24,95.235,6,unknown,2024-03-12 12:31:42.955415+00:00,9182797,939125421
2024-03-12 12:31:42.940767+00:00,SFRU24,95.235,4,buy,2024-03-12 12:31:42.959037+00:00,9182799,940767777
2024-03-12 12:31:42.941759+00:00,SFRU24,95.235,5,buy,2024-03-12 12:31:42.959037+00:00,9182801,941759819
2024-03-12 12:31:42.942447+00:00,SFRU24,95.235,4,buy,2024-03-12 12:31:42.959037+00:00,9182802,942447091
2024-03-12 12:31:42.942787+00:00,SFRU24,95.235,1,buy,2024-03-12 12:31:42.959037+00:00,9182803,942787897
2024-03-12 12:31:42.944136+00:00,SFRU24,95.235,5,buy,2024-03-12 12:31:42.959037+00:00,9182805,944136601
2024-03-12 12:31:42.944898+00:00,SFRU24,95.235,15,buy,2024-03-12 12:31:42.959479+00:00,9182807,944898715
2024-03-12 12:31:42.945195+00:00,SFRU24,95.235,5,buy,2024-03-12 12:31:42.959479+00:00,9182808,945195515
2024-03-12 12:31:42.946216+00:00,SFRU24,95.235,5,buy,2024-03-12 12:31:42.959479+00:00,9182809,946216065
2024-03-12 12:31:42.946822+00:00,SFRU24,95.235,15,buy,2024-03-12 12:31:42.965393+00:00,9182810,946822183
2024-03-12 12:31:43.176013+00:00,SFRU24,95.235,1,buy,2024-03-12 12:31:43.184907+00:00,9182820,176013401
2024-03-12 12:31:43.179465+00:00,SFRU24,95.235,33,buy,2024-03-12 12:31:43.190352+00:00,9182821,179465243
2024-03-12 12:31:43.531490+00:00,SFRU24,95.240,3,unknown,2024-03-12 12:31:43.539856+00:00,9182833,531490759
2024-03-12 12:31:43.662183+00:00,SFRU24,95.235,26,buy,2024-03-12 12:31:43.670225+00:00,9182841,662183839
2024-03-12 12:31:43.662703+00:00,SFRU24,95.235,74,buy,2024-03-12 12:31:43.680183+00:00,9182842,662703809
2024-03-12 12:31:45.070446+00:00,SFRU24,95.235,2,sell,2024-03-12 12:31:45.080083+00:00,9182915,70446407
2024-03-12 12:31:45.072521+00:00,SFRU24,95.235,5,sell,2024-03-12 12:31:45.080083+00:00,9182918,72521129
2024-03-12 12:31:46.797753+00:00,SFRU24,95.235,16,sell,2024-03-12 12:31:46.820402+00:00,9182951,797753921
2024-03-12 12:31:46.800661+00:00,SFRU24,95.235,5,sell,2024-03-12 12:31:46.820402+00:00,9182955,800661947
2024-03-12 12:31:46.876207+00:00,SFRU24,95.235,2,buy,2024-03-12 12:31:46.890144+00:00,9182964,876207969
2024-03-12 12:31:46.876601+00:00,SFRU24,95.235,8,sell,2024-03-12 12:31:46.890144+00:00,9182967,876601513
2024-03-12 12:31:47.221693+00:00,SFRU24,95.235,12,buy,2024-03-12 12:31:47.240547+00:00,9182972,221693563
2024-03-12 12:31:47.802826+00:00,SFRU24,95.230,11,sell,2024-03-12 12:31:47.810040+00:00,9183038,802826079
2024-03-12 12:31:47.855504+00:00,SFRU24,95.230,29,unknown,2024-03-12 12:31:47.865160+00:00,9183063,855504407
2024-03-12 12:31:47.855504+00:00,SFRU24,95.235,3,unknown,2024-03-12 12:31:47.865160+00:00,9183066,855504407
2024-03-12 12:31:49.072807+00:00,SFRU24,95.230,24,sell,2024-03-12 12:31:49.085188+00:00,9183133,72807925
2024-03-12 12:31:49.072834+00:00,SFRU24,95.230,24,sell,2024-03-12 12:31:49.085188+00:00,9183134,72834879
2024-03-12 12:31:49.074257+00:00,SFRU24,95.230,8,sell,2024-03-12 12:31:49.085188+00:00,9183135,74257223
2024-03-12 12:31:51.250514+00:00,SFRU24,95.230,124,unknown,2024-03-12 12:31:51.260265+00:00,9183166,250514261
2024-03-12 12:31:51.252247+00:00,SFRU24,95.230,15,buy,2024-03-12 12:31:51.265846+00:00,9183178,252247857
2024-03-12 12:31:54.543124+00:00,SFRU24,95.235,5,buy,2024-03-12 12:31:54.550437+00:00,9183311,543124191
2024-03-12 12:31:57.490539+00:00,SFRU24,95.235,34,unknown,2024-03-12 12:31:57.500481+00:00,9183438,490539553
2024-03-12 12:31:59.592231+00:00,SFRU24,95.235,30,buy,2024-03-12 12:31:59.600288+00:00,9183508,592231005
2024-03-12 12:32:00.274492+00:00,SFRU24,95.235,5,unknown,2024-03-12 12:32:00.284673+00:00,9183542,274492783
2024-03-12 12:32:00.751657+00:00,SFRU24,95.235,20,unknown,2024-03-12 12:32:00.770206+00:00,9183619,751657881
2024-03-12 12:32:01.358662+00:00,SFRU24,95.230,1,sell,2024-03-12 12:32:01.365073+00:00,9183775,358662833
2024-03-12 12:32:01.359613+00:00,SFRU24,95.230,8,sell,2024-03-12 12:32:01.365073+00:00,9183776,359613443
2024-03-12 12:32:01.874235+00:00,SFRU24,95.230,4,buy,2024-03-12 12:32:01.890315+00:00,9183949,874235623
2024-03-12 12:32:02.886212+00:00,SFRU24,95.230,8,unknown,2024-03-12 12:32:02.895812+00:00,9183984,886212153
2024-03-12 12:32:02.887631+00:00,SFRU24,95.230,7,buy,2024-03-12 12:32:02.900735+00:00,9183996,887631839
2024-03-12 12:32:02.898157+00:00,SFRU24,95.230,1,sell,2024-03-12 12:32:02.910715+00:00,9183999,898157461
2024-03-12 12:32:04.691351+00:00,SFRU24,95.230,11,buy,2024-03-12 12:32:04.704822+00:00,9184034,691351381
2024-03-12 12:32:04.698969+00:00,SFRU24,95.230,1,sell,2024-03-12 12:32:04.713767+00:00,9184048,698969063
2024-03-12 12:32:04.716973+00:00,SFRU24,95.230,5,sell,2024-03-12 12:32:04.725428+00:00,9184059,716973697
2024-03-12 12:32:04.727678+00:00,SFRU24,95.230,1,sell,2024-03-12 12:32:04.765135+00:00,9184087,727678205
2024-03-12 12:32:04.728572+00:00,SFRU24,95.230,4,sell,2024-03-12 12:32:04.765135+00:00,9184097,728572291
2024-03-12 12:32:04.728791+00:00,SFRU24,95.230,1,sell,2024-03-12 12:32:04.765135+00:00,9184099,728791969
2024-03-12 12:32:04.731905+00:00,SFRU24,95.230,7,sell,2024-03-12 12:32:04.770552+00:00,9184110,731905885
2024-03-12 12:32:04.783545+00:00,SFRU24,95.230,3,unknown,2024-03-12 12:32:04.790465+00:00,9184122,783545673
2024-03-12 12:32:04.784809+00:00,SFRU24,95.230,24,buy,2024-03-12 12:32:04.795482+00:00,9184124,784809825
2024-03-12 12:32:05.061865+00:00,SFRU24,95.230,35,buy,2024-03-12 12:32:05.070258+00:00,9184146,61865519
2024-03-12 12:32:05.062185+00:00,SFRU24,95.230,26,sell,2024-03-12 12:32:05.075215+00:00,9184149,62185225
